2498 4260
337 129 379 198 bu
397 145 499 199 unito
516 146 670 199 rvuvnru.
706 146 732 202 c.
745 149 855 199 44-46.
1078 147 1138 204 159

63 316 260 379 ambitionem
282 319 491 397 saevitiamque
513 319 712 380 moderatum:
742 338 870 398 namque
892 319 989 379 edicto
1011 320 1139 397 primum
1162 331 1177 382 2

63 403 233 464 adiumenta
250 405 382 483 ignaviae
397 405 559 479 sustulisse,
576 405 784 483 nequisquam
801 405 830 465 in
848 405 951 465 castris
965 424 1073 483 panem
1089 417 1140 468 aut

63 507 152 568 quem
167 489 255 549 alium
271 499 388 550 coctum
411 490 509 551 cibum
532 491 687 562 venderet,
711 509 749 550 ne
765 490 838 550 lixae
855 489 1015 551 exercitum
1031 510 1139 570 seque·

62 583 184 646 rentur,
208 593 246 635 ne
261 576 345 637 miles
360 576 513 656 gregarius
527 576 557 637 in
573 576 676 636 castris
691 593 765 637 neve
780 575 810 635 iu
827 575 944 654 agmine
959 593 1074 636 servum
1090 586 1140 637 aut

62 660 229 720 iumentum
242 659 379 737 baberet;
393 661 566 722 ceterisartc
579 662 697 722 modum
710 660 856 722 statuisse.
877 669 1029 738 praeterea
1041 670 1139 723 trans·

62 744 156 806 vorsis
172 745 328 807 itineribus
351 746 458 807 cotidie
473 756 568 809 castra
583 764 718 819 movere,
741 746 820 807 iuxta
836 764 870 806 ac
893 746 918 806 si
939 745 1041 807 bostes
1056 747 1139 808 ades-

64 839 133 892 sent
147 830 221 891 vallo
237 841 324 910 atque
341 832 417 893 fossa
434 832 560 905 munire,
577 832 688 931 v'gilias
703 831 823 891 crebras
838 850 952 910 ponere
968 840 997 892 et
1013 850 1062 893 cas
1076 832 1139 911 ipse

62 934 132 977 cum
147 915 251 994 legatis
265 917 441 990 circumire;
459 917 528 978 item
545 919 576 977 in
592 917 714 996 agmine·
725 916 755 976 in
771 916 874 995 primis
890 916 989 991 modo,
1004 918 1093 977 modo
1109 917 1137 978 in

62 1001 234 1080 postremis,
250 1019 339 1081 saepe
354 1004 385 1062 in
401 1002 497 1062 medio
514 1003 629 1075 adesse,
648 1020 686 1063 ne
702 1002 846 1080 quispiam
864 1002 967 1062 ordine
984 1003 1140 1080 egredere·

63 1097 128 1159 tur,
144 1096 177 1148 ut
192 1105 260 1147 cum
276 1087 369 1166 signis
391 1088 563 1165 frequentes
579 1088 769 1161 incederent,
793 1087 877 1148 miles
892 1086 992 1147 cibum
1016 1097 1046 1148 et
1060 1107 1140 1148 arma

62 1179 206 1250 portaret.
237 1173 276 1232 ita
292 1171 479 1250 probibendo
495 1191 511 1232 a
526 1172 639 1234 delictis
654 1173 747 1250 magis
763 1190 850 1250 quam
863 1172 1039 1233 vindicando
1056 1192 1140 1234 exer·
1161 1184 1176 1234 3

62 1257 155 1317 citum
169 1255 253 1317 brevi
267 1257 461 1320 confirmavit.

147 1341 424 1419 Interealugurtba‚
437 1341 488 1404 ubi
499 1340 717 1420 quaeMetellus
727 1342 832 1421 agebat
844 1361 880 1402 ex
892 1343 1134 1422 nuntiisacoepit‚
1151 1348 1189 1406 46

60 1426 151 1486 simul
165 1426 202 1486 de
217 1427 390 1487 innocentia
405 1427 468 1488 eius
486 1427 596 1488 certior
609 1426 702 1486 Roma
718 1428 829 1499 factus,
853 1427 986 1488 diffidere
1008 1429 1070 1489 suis
1092 1446 1138 1487 re·

60 1510 128 1583 bus,
146 1530 181 1573 ac
196 1520 258 1572 tum
275 1513 393 1572 demum
409 1530 505 1571 veram
522 1511 702 1573 deditionem
718 1513 814 1572 iacere
829 1522 953 1574 conatus
968 1522 1020 1573 est.
1050 1513 1140 1592 igitur
1161 1526 1176 1575 t

60 1596 174 1675 legatos
188 1596 225 1657 ad
240 1597 393 1659 consulem
408 1615 475 1658 cum
491 1596 644 1676 suppliciis
658 1597 761 1669 mittit,
784 1597 835 1675 qui
850 1607 965 1658 tautum
982 1598 1071 1659 modo
1083 1599 1139 1678 ipsi

61 1681 224 1760 liberisque
239 1683 325 1742 vitam
341 1692 493 1761 peterent,
517 1683 571 1742 alia
588 1682 685 1742 omnia
701 1682 843 1742 dederent
858 1684 969 1762 populo
993 1684 1138 1745 Romano.

62 1766 115 1827 sed
131 1766 249 1827 Metello
265 1768 322 1828 iam
337 1778 424 1829 antea
440 1768 650 1847 experimentis
665 1767 817 1845 cognitum
840 1779 904 1828 erat
925 1787 1020 1848 genus
1036 1770 1138 1830 Numi·
1160 1781 1174 1831 t

60 1852 164 1912 darum
188 1853 327 1925 infidum,
350 1853 472 1931 ingenio
495 1853 611 1923 mobili,
639 1870 779 1913 novarum
803 1871 903 1914 rerum
926 1854 1042 1914 avidum
1065 1873 1138 1915 esse.

61 1937 162 2015 itaque
191 1937 302 2017 legatos
324 1938 413 1999 alium
436 1936 472 1998 ab
502 1937 558 1998 aiio
588 1937 720 1998 divorsos
747 1937 916 2016 aggreditur
943 1957 977 2000 ac
999 1938 1175 2018 paulatimt

61 2022 245 2100 temptando,
260 2031 417 2102 postquam
434 2031 622 2103 opportunos
632 2022 688 2083 sibi
701 2023 848 2101 cognovit,
864 2024 954 2084 multa
971 2025 1138 2103 pollicendo

64 2189 98 2241 im
114 2191 175 2243 boc.
194 2205 216 2241 c.
234 2190 287 2254 int,
306 2191 354 2241 wie
372 2194 443 2254 40‚3
462 2191 576 2243 muster.
628 2191 683 2242 hier
706 2190 799 2242 ortlioh
822 2205 987 2256 genommeu‚
1013 2190 1142 2258 frequens

63 2258 100 2310 Zn
124 2259 276 2310 ubersetzen
299 2254 338 2310 ‘so
361 2259 430 2325 gruis
448 2259 577 2323 (oimlich,
629 2258 670 2310 die
688 2257 897 2324 Vollzihiigkeit.

64 2326 122 2378 dats
141 2341 169 2377 er
186 2327 233 2377 mit
244 2326 325 2378 Recht
342 2329 414 2392 gruis
432 2327 483 2378 und
496 2328 576 2379 weise
662 2359 707 2395 m
726 2381 751 2395 Η
771 2381 779 2396 ,
797 2347 953 2396 armiro:
972 2346 1022 2397 wig
1043 2349 1090 2399 100
1113 2350 1140 2398 4.

64 2399 180 2460 genaunt
198 2395 294 2459 wuido)
315 2396 352 2446 sei
370 2394 412 2446 die
429 2393 576 2461 Missigung
627 2412 692 2464 auch
711 2415 789 2475 422
882 2412 890 2419 ·
1093 2385 1099 2409 '
1134 2387 1140 2406 ’

65 2476 202 2527 genesen,
220 2463 266 2514 nuit
284 2463 395 2515 welcber
413 2478 440 2514 er
457 2463 499 2515 die
517 2500 524 2514 .
542 2500 549 2515 .
568 2499 575 2514 .

64 2531 153 2582 rechte
170 2528 243 2581 Mitte
263 2521 398 2596 gebalten'.
434 2530 484 2582 Der
501 2532 576 2583 abso·
628 2564 657 2615 h.

64 2598 119 2718 lupe
140 2596 273 2650 Gebrancb
295 2614 344 2650 von
367 2599 504 2650 moderari
526 2599 576 2650 wie
628 2580 660 2683 d}

65 2669 144 2729 t‚4.

99 2737 281 2785 ambitionem:
299 2734 344 2786 das
356 2728 466 2786 ‘Buhleu
480 2750 522 2786 um
535 2734 577 2786 die

64 2793 157 2854 Gunst'
184 2803 228 2854 der
254 2802 376 2854 Soldateu
406 2804 469 2869 (vgt.
492 2805 534 2866 64,
553 2807 578 2867 5)
630 2786 645 2887 g

64 2870 214 2937 gegeutiber
226 2870 282 2922 dem
295 2870 391 2923 andern
404 2871 515 2935 bitrem,
533 2870 579 2922 der

62 2942 187 2991 saevitia.
314 2971 316 2975 ·

64 3009 302 3127 subdidit
319 3006 482 3127 {diffidi}
500 3005 578 3139 iiii}
632 3040 812 3141 uuidere
830 3045 903 3139 ct:

63 3143 118 3210 vgl.
138 3142 271 3195 weiterhin
291 3158 322 3193 zu
339 3159 373 3194 ne
391 3145 534 3208 quispiam.
662 3123 747 3181 4t.1.
765 3130 932 3177 innocentia:
951 3141 982 3176 au
995 3125 1047 3178 Cat.
1065 3129 1103 3190 tt,
1117 3130 1139 3178 l·

70 3205 577 3278 ‚ceteris...statuisse:‘dieiibrigeu
663 3210 758 3261 Roma:
787 3207 849 3262 ‘von
876 3209 939 3262 Rom
967 3203 1022 3262 ber'
1051 3211 1139 3274 (durch

64 3278 222 3330 Ubelstiude
232 3279 297 3330 habe
307 3294 335 3330 er
344 3294 394 3345 eng
405 3275 578 3344 bescbrdnkt',
629 3278 731 3342 Briefe).

62 3347 213 3430 gegendber
246 3347 303 3398 dem
338 3348 484 3410 eustatium,
520 3347 577 3399 dein
664 3350 687 3399 2.
706 3362 766 3397 cum
777 3348 930 3413 suppliciis:
949 3345 1068 3397 darunter
1083 3345 1140 3396 siud

73 3415 192 3481 ginziicb
218 3411 379 3481 beseitigen'.
402 3443 435 3453 -—
462 3420 521 3466 arte
543 3416 578 3467 ist
629 3413 1141 3477 bierdieZeicbennuverstebeu,welcbe

63 3482 221 3535 Aduerbium
239 3498 290 3534 von
308 3489 399 3549 artus,
420 3484 470 3536 wie
488 3486 530 3549 tt,
548 3486 576 3544 6;
629 3483 670 3534 die
682 3498 725 3533 um
736 3482 841 3533 Frieden
854 3480 1140 3534 bitteudenGesandteu

65 3555 107 3614 85,
121 3553 162 3603 34.
629 3551 837 3615 (caduceatores)
861 3566 893 3602 zu
912 3555 1001 3614 tragon
1018 3549 1141 3616 pflegten,

100 3620 209 3684 uigilias
220 3620 328 3669 crebras
344 3619 396 3671 und
414 3621 501 3686 spinter
518 3636 578 3671 cum
629 3619 791 3684 gewdbniicb
804 3617 845 3669 01-
864 3618 906 3669 od.
918 3617 1140 3682 Lorbeerzweige3

63 3691 155 3753 signis
171 3685 324 3753 frequentes
339 3689 503 3739 incederent:
522 3703 577 3738 cre·
629 3686 696 3738 deun
719 3686 789 3738 diese
815 3686 911 3738 hiessen
930 3685 994 3736 auch
1014 3686 1139 3752 geradezu

65 3759 113 3808 ber
125 3755 276 3807 bezeiebnet
293 3755 334 3808 die
348 3754 449 3821 biufige
464 3755 578 3808 Wieder-
628 3755 770 3820 supplicia.
794 3754 894 3806 Anders
907 3754 960 3806 Cat.
974 3757 1015 3820 tt,
1028 3757 1074 3816 29;
1088 3754 1141 3823 ing.

64 3825 164 3890 bolung
175 3823 202 3874 in
214 3823 317 3876 kleineu
327 3823 575 3888 Zwiscbeuriumen,
630 3825 671 3888 66,
684 3825 707 3875 2.

661 2512 694 2546 no
712 2499 847 2563 quispiam
860 2503 923 2547 etc:
943 2496 984 2549 die
997 2496 1140 2549 Fiualsitze

662 2579 728 2629 ngen
750 2580 802 2614 von
824 2564 934 2615 domim
953 2566 1140 2630 vorhergeheu-

662 2649 677 2683 u
705 2633 868 2683 euthalteneu
892 2630 1015 2696 Begriffe:
1041 2629 1142 2685 ‘darauf

628 2693 725 2751 balten'
743 2700 805 2751 oder
821 2693 940 2750 ‘dardber
961 2696 1075 2752 wacbeu'
1095 2702 1140 2761 ab;

646 2771 762 2826 nimiam
773 2761 851 2819 ‘etwa
872 2769 941 2819 einer
959 2768 1020 2820 oder
1039 2770 1083 2821 der
1097 2785 1140 2820 an-

647 2828 706 2897 ere’,
729 2836 784 2887 also
804 2836 954 2887 wesentlich
972 2838 1140 2889 verschiedeu

629 2919 680 2955 von
693 2903 751 2954 dem
762 2903 823 2956 itura
833 2904 1060 2970 vorbergebendeu
1071 2909 1141 2970 quta-

630 2971 1140 3038 quamundbedeutsameralsdassoust
