2498 4276
89 113 150 170 ‘260
340 113 384 164 Ell
402 115 429 167 G.
449 111 606 165 sntnvsrl
623 111 727 164 GRlSPl
743 110 825 166 lllSl'.
843 111 870 165 L.
882 111 911 167 ll.

88 285 192 346 serim:
217 303 285 345 nam
309 285 364 345 vite
387 295 416 344 ct
437 303 519 346 mors
541 285 605 346 iura
628 293 751 345 naturae
773 293 859 360 sunt;
882 292 916 344 ut
936 285 1003 346 sine
1026 287 1168 348 dedecore

89 389 157 431 cum
178 370 289 432 civibus
304 371 380 431 lama
392 379 421 430 et
436 370 564 431 fortunis
578 371 695 449 integer
710 386 794 448 agas,
816 368 846 429 id
869 368 949 430 dono
973 371 1064 432 datur
1085 383 1168 452 atque

88 456 240 534 accipitur.

49 550 64 598 6
174 540 318 601 Consules
335 560 389 601 nos
405 541 524 611 lecistis,
541 539 680 612 Quirites,
692 539 775 620 dorni
792 538 921 617 bellique
934 539 1167 618 impeditissuma

89 625 270 704 republica.
310 643 438 704 namque
461 626 654 704 imperatores
675 623 835 703 Hispaniae
858 624 1042 703 stipendium
1064 627 1167 688 milites

89 729 169 771 arma
186 713 368 772 frumentum
385 721 528 789 poscunt,
553 720 582 772 et
597 710 624 770 id
649 727 696 770 res
720 709 813 786 cogit,
837 709 979 788 quoniam
1003 709 1166 774 delectione
1236 768 1242 787 ,

87 797 234 856 sociorum
258 805 288 856 et
303 797 414 856 Sertori
437 815 491 875 per
513 795 622 856 montis
644 796 712 873 iuga
736 812 834 872 neque
856 813 945 855 manu
968 805 1087 858 certare
1101 817 1166 877 pos-

50 894 64 941 i
86 891 156 941 sunt
179 899 276 957 neque
300 881 380 941 utilia
397 899 510 959 parare.
542 880 688 941 exercitus
703 879 733 939 in
750 880 816 940 Asia
832 879 992 958 Ciliciaque
1008 880 1050 942 ob
1067 883 1166 943 nimias

89 983 162 1043 opes
177 965 351 1026 Mithridatis
373 966 509 1038 aluntur,
532 965 703 1026 Macedonia
726 964 812 1043 plena
826 964 958 1026 hostium
973 977 1019 1027 est
1036 986 1093 1029 nec
1114 969 1165 1029 nni·

89 1069 146 1111 nus
168 1050 267 1110 ltaliae
290 1051 444 1110 marituma
467 1062 496 1112 et
518 1051 753 1129 provinciarum,
783 1067 851 1110 curn
873 1049 994 1110 interim
1018 1053 1165 1132 vectigalia

88 1153 175 1213 perra
189 1146 218 1195 et
231 1135 314 1196 bellis
326 1137 437 1196 incerta
450 1137 495 1197 trix
512 1146 624 1215 partem
640 1145 810 1214 sumptuum
827 1135 992 1196 sustinent:
1008 1136 1049 1197 ita
1067 1139 1164 1210 classe,

49 1231 63 1281 8
86 1238 160 1298 quae
176 1231 357 1282 commeatus
372 1221 524 1295 tuebatur,
547 1222 663 1281 minore
679 1237 765 1299 quam
781 1229 867 1280 antee
884 1220 1067 1299 navigamus.
1096 1225 1165 1284 baec
1232 1134 1242 1353 ι

86 1305 110 1366 si
126 1307 195 1367 dolo
210 1316 260 1366 aut
275 1307 409 1367 socordia
433 1317 533 1367 nostra
555 1315 706 1367 contracte
721 1316 805 1378 sunt,
827 1305 913 1384 agite,
936 1314 971 1366 ut
991 1317 1097 1369 monet
1117 1309 1164 1379 ire,
1238 1372 1241 1381 ,

88 1392 266 1471 supplicium
290 1391 413 1452 sumite:
436 1393 480 1452 sin
505 1394 624 1452 lortuna
646 1391 813 1451 communis
828 1391 962 1470 asperior
977 1401 1039 1466 est,
1064 1412 1120 1472 qua
1135 1412 1163 1453 re

87 1476 208 1554 indigna
225 1475 313 1537 vobis·
325 1476 470 1554 nobisque
487 1487 516 1536 et
531 1495 562 1536 re
578 1475 696 1555 publica
710 1473 860 1554 incipitis‘.l

49 1572 63 1620 9
172 1565 268 1639 Atque
285 1581 355 1640 ego,
372 1562 455 1622 cuius
471 1561 558 1622 aetati
572 1580 653 1621 mors
669 1560 791 1639 propior
807 1571 866 1632 est,
884 1579 945 1620 non
962 1561 1127 1641 deprecor,
1142 1563 1164 1623 si

87 1646 155 1724 quid
180 1665 214 1706 ea
236 1646 318 1706 vobis
334 1647 513 1708 incommodi
530 1647 671 1707 demitur:
696 1664 793 1725 neque
809 1665 877 1706 rnox
893 1644 1015 1724 ingenio
1032 1648 1164 1727 corporis

86 1820 143 1878 eto,
161 1829 190 1864 so
204 1814 258 1866 dals
271 1814 315 1865 der
328 1812 387 1865 Satz
400 1831 463 1865 num
480 1817 534 1865 vitu
548 1821 597 1866 etc.
684 1829 736 1878 qna
758 1829 799 1862 re:
824 1811 849 1862 in
873 1810 986 1863 direltler
1004 1811 1102 1880 Frage,
1124 1828 1163 1879 ge-

85 1880 126 1933 die
139 1880 307 1948 lirliuterung
319 1897 351 1932 zu
363 1881 421 1933 dem
434 1899 513 1949 piram
526 1886 597 1948 (oon-
650 1881 708 1932 hort
726 1879 771 1931 der
788 1878 885 1946 Umgan
906 1880 1028 1946 sspraebe
1047 1897 1088 1936 an.

86 1951 186 2014 cedere)
204 1967 304 2016 nequeo
323 1951 430 2002 entbilt.
685 1953 708 2001 9.
722 1963 806 2014 noque
819 1986 825 1998 .
839 1987 844 1999 .
860 1894 1002 2008 ‚iboni-im:
1021 1947 1069 2001 das
1081 1950 1164 2002 Ganze

119 2022 293 2071 disiuncto:
308 2017 349 2069 die
362 2018 453 2070 beiden
467 2018 538 2070 Teile
552 2019 598 2070 des
649 2015 684 2067 ist
699 2030 728 2067 so
743 2032 774 2068 zu
789 2015 920 2066 erluino:
936 2032 1021 2081 reoque
1031 2019 1165 2069 honestius

85 2083 228 2145 Pr'adikats,
246 2086 292 2137 des
304 2090 362 2136 cine
380 2087 506 2137 dedecore
518 2103 599 2151 agere
649 2085 716 2134 milri
729 2083 854 2145 futurum
869 2087 905 2134 eit
920 2100 985 2135 mccc
999 2087 1044 2148 (ει-
1054 2087 1084 2136 id
1094 2087 1165 2152 quod

85 2168 146 2202 cum
164 2156 265 2204 civibus
277 2153 328 2204 und
346 2153 421 2212 famo
436 2160 461 2203 et
477 2153 598 2215 sericinis
649 2168 713 2203 mon
724 2152 786 2214 fieri
797 2168 900 2204 necesso
913 2155 962 2215 ecl)
978 2154 1089 2217 ingenio
1109 2171 1164 2206 cor-

84 2224 189 2284 inleger
201 2220 369 2286 entsprechen
383 2220 432 2272 den
445 2222 536 2273 beiden
550 2223 598 2274 lol·
646 2223 724 2285 perir
746 2237 828 2286 quom
851 2235 925 2271 nnnc
943 2237 996 2286 pro
1017 2227 1108 2274 cestra
1125 2239 1165 2273 sa-

85 2288 184 2352 genden
204 2288 268 2338 dore
287 2287 337 2338 und
356 2293 483 2354 occipere.
650 2290 704 2338 lute
722 2289 802 2350 tinem
816 2291 886 2340 vitae
901 2287 1004 2350 secisse,
1024 2289 1086 2342 oder
1104 2297 1166 2342 stati

121 2357 144 2408 6.
157 2357 251 2407 utilia:
264 2379 297 2399 =
308 2372 375 2421 qnae
384 2361 448 2407 irini
456 2364 520 2408 curri
531 2359 597 2410 bello
649 2356 694 2408 des
706 2355 833 2408 lnlinilivs
848 2357 914 2408 nach
928 2356 1065 2409 deutschen
1080 2357 1165 2410 Weise

86 2422 148 2475 oder
166 2423 228 2476 kurz
247 2425 309 2475 belli
326 2441 404 2475 urum
422 2427 472 2478 wie
490 2425 542 2492 lug.
557 2431 597 2489 84,
647 2427 672 2474 oi
688 2440 753 2476 more
770 2427 827 2489 ing.
845 2440 917 2490 corp.
937 2428 1110 2491 quamsi
1128 2425 1166 2486 se-

84 2495 108 2544 3.
121 2521 154 2530 -
167 2494 246 2544 utilia
261 2510 366 2559 parare
383 2495 451 2547 steht
469 2495 494 2547 in
510 2495 597 2561 Bezug
649 2496 742 2550 onim
766 2521 800 2532 -
818 2508 846 2545 es
863 2493 898 2545 ist
915 2493 970 2544 also
992 2491 1106 2554 fecerim
1124 2496 1165 2546 ein

84 2561 130 2612 aul
152 2561 247 2622 defeci.
271 2565 416 2627 sociorum,
435 2565 480 2616 das
503 2563 596 2615 andere
648 2559 1165 2627 llonj.Perl.impotentialenSinne,der

83 2645 165 2680 mann
184 2636 288 2681 certare
305 2633 348 2695 (ε
367 2636 513 2684 comminus
536 2649 596 2683 con-
649 2629 711 2680 aber
735 2630 809 2680 einen
829 2628 904 2693 Konj.
927 2629 983 2680 Fut.
1006 2631 1091 2682 exacti
1111 2646 1164 2682 ver·

80 2699 163 2762 gredi
185 2699 237 2765 vgl.
258 2700 311 2765 lug.
325 2705 366 2763 57,
379 2704 404 2763 4)
427 2702 471 2753 aul
492 2701 597 2752 Sertori
649 2698 711 2748 tritt.
729 2725 763 2735 -
781 2696 830 2748 Der
843 2696 977 2749 Ansdruclr
994 2697 1076 2759 finem
1093 2702 1165 2751 oilae

82 2782 131 2831 per
148 2771 246 2818 montis
263 2766 342 2832 fuga.
647 2763 740 2827 facore
762 2765 808 2817 hat
831 2765 871 2817 lnr
894 2765 968 2816 beide
989 2764 1093 2818 Glieder
1117 2767 1165 2819 den

118 2838 142 2886 7.
164 2851 223 2885 cnm
245 2838 354 2886 interim
373 2875 379 2888 .
398 2874 404 2886 .
424 2876 429 2888 .
453 2840 597 2886 sustinent:
649 2833 781 2916 nentrplen
800 2832 864 2885 Sinn
881 2828 940 2884 ‘den
959 2831 1016 2916 'lod
1039 2828 1163 2887 lindeu‘

83 2901 536 3024 illinitilrlltltltl
553 2902 598 3023 il
649 2900 1164 3035 ttutltttdblitilde

82 3038 171 3104 Regel.
649 3037 694 3089 des
713 3037 818 3102 Satces,
836 3054 889 3103 pro
907 3043 998 3088 costra
1016 3043 1076 3102 etc,
1094 3039 1165 3092 redet
1226 3068 1237 3105 4

117 3111 156 3158 ita
176 3147 181 3159 .
202 3145 208 3159 .
228 3146 234 3161 .
252 3110 425 3170 navigamus:
449 3133 482 3152 =
501 3110 540 3156 ita
558 3108 597 3170 fib
649 3108 721 3158 Cotta
742 3105 813 3157 nieht
830 3121 889 3157 rom
908 3105 1085 3171 Selbstmord,
1107 3123 1165 3160 sou-

82 3179 114 3224 ut
132 3214 138 3227 .
157 3214 164 3228 .
185 3215 191 3229 .
210 3179 374 3238 navigemus.
393 3205 426 3212 -
448 3175 530 3226 cincre
548 3184 596 3227 etc.
649 3175 709 3226 dern
729 3190 788 3225 vom
806 3173 925 3226 Erleiden
948 3174 995 3226 des
1012 3174 1065 3226 lbm
1087 3190 1164 3243 ange·

82 3242 203 3294 verkirrzt
217 3257 262 3294 aus
280 3243 369 3304 olane,
389 3259 457 3308 quae
470 3259 598 3295 commea·
649 3243 755 3294 drobten
775 3241 873 3304 ledes,
898 3243 924 3293 in
942 3241 1030 3309 Bezug
1055 3244 1101 3296 aul
1120 3245 1164 3296 das

83 3317 125 3360 tus
155 3313 294 3373 tuebatur,
324 3315 465 3362 imminuta
494 3316 598 3363 minore
648 3310 925 3376 verbergebendenon
943 3311 1165 3376 deprecorimor-

82 3395 154 3429 nunc
172 3395 253 3444 quam
271 3385 350 3430 anien
368 3384 536 3445 nauigamus.
649 3383 719 3444 tem),
736 3381 761 3429 ri
778 3381 845 3444 quid
862 3395 893 3429 ea
909 3380 987 3442 (mint
1004 3396 1020 3430 a
1038 3383 1115 3432 undis
1133 3383 1164 3432 il·

117 3449 140 3500 8.
159 3453 266 3499 nostra:
291 3449 324 3498 im
347 3447 506 3513 Gegensatze
529 3448 596 3500 daun
649 3449 715 3511 laia)
733 3449 806 3499 vobis
823 3448 986 3498 incommodi
1004 3447 1131 3500 demitur.

82 3519 229 3567 comnrunis
242 3516 265 3570 d.
279 3517 295 3568 i.
314 3521 340 3567 et
352 3522 442 3568 costra
455 3523 481 3568 ct
494 3522 596 3568 nostra.
681 3518 803 3579 ingenio:
816 3515 842 3566 in
853 3515 897 3567 der
906 3511 1164 3582 Bedeulung‘natrir-

81 3583 134 3634 Aul
151 3583 196 3635 der
206 3586 280 3636 einen
294 3583 363 3636 Seite
381 3585 422 3638 dle
435 3585 596 3651 personliche
648 3582 714 3633 llcbe
734 3576 950 3636 Bescballenlreit’
976 3583 1026 3635 wie
1050 3585 1076 3636 in
1098 3587 1164 3637 zwei

81 3649 179 3702 Schnld
197 3651 243 3704 des
262 3653 406 3716 einzelnen,
428 3654 474 3705 aul
489 3652 534 3704 der
552 3667 596 3702 an·
648 3647 816 3714 Fragmenten
834 3651 879 3704 des
892 3651 998 3717 Sallust,
1015 3650 1082 3705 liiet.
1097 3657 1121 3716 l,
1133 3656 1162 3707 61
1236 3682 1246 3699 ·

81 3717 142 3769 dern
162 3719 206 3770 das
222 3735 274 3771 von
287 3719 404 3772 niemand
419 3718 596 3772 verscbuldete
648 3715 689 3768 llr.
710 3720 731 3779 l,
751 3721 781 3770 ot
802 3718 826 3771 lr.
845 3719 874 3772 Α.
894 3720 960 3771 duni
976 3721 1108 3776 imulas.
1130 3763 1137 3776 .
1158 3760 1164 3774 .

81 3784 233 3852 allgemeine
253 3786 386 3840 Gescbielr.
647 3788 786 3837 conmutat
802 3794 897 3853 srropte
910 3791 1022 3854 ingenio
1035 3790 1165 3844 alimenta
