2498 4276
119 139 160 196 76
497 139 523 190 G.
542 136 698 191 SALLVSTI
716 136 818 189 CRISPl

120 311 268 385 omnibus,
292 331 359 373 cum
375 331 462 392 saepe
478 311 735 391 Carthaginienses
750 309 824 370 etin
846 329 917 390 pace
941 320 970 371 et
992 328 1048 389 per
1070 310 1195 373 indutias

118 398 209 459 multa
225 398 337 459 nefaria
353 398 484 458 facinora
505 397 654 470 fecissent,
678 412 840 473 numquam
862 396 917 475 ipsi
932 413 987 475 per
1010 395 1195 457 occasionem

117 483 185 545 talia
200 483 311 544 fecere:
329 483 430 562 magis,
447 482 517 560 quid
533 501 564 543 se
580 480 703 561 dignum
719 480 805 552 foret,
821 499 910 559 quam
925 480 996 559 quid
1011 480 1043 541 in
1056 480 1125 541 illos
1136 480 1196 542 iure

80 569 180 630 alieri
195 578 304 647 posset.
329 567 521 646 quaerebant.
565 567 623 628 boc
638 567 708 626 item
723 565 806 626 vobis
828 565 1044 645 providendum
1068 576 1124 640 est,
1147 585 1197 646 pa·
1234 598 1236 619 ι

117 663 178 714 tres
193 654 364 733 conscripti,
388 671 426 713 ne
448 653 515 732 plus
535 652 614 732 apud
628 670 680 712 vos
693 651 787 713 valeat
803 651 835 712 Ρ.
850 651 969 712 Lentuli
985 659 1013 712 et
1028 659 1196 713 ceterorum
1233 638 1236 705 ἶ

117 739 213 800 scelus
229 757 317 817 quam
332 750 429 799 vostra
445 737 581 816 dignitas,
606 755 664 798 neu
683 737 776 815 magis
790 737 851 797 irae
866 745 982 798 vostrae
999 754 1088 815 quam
1105 737 1196 798 famae

80 823 286 885 sconsulatis.
332 841 400 884 nam
422 823 447 884 si
469 822 557 901 digna
584 840 681 901 poena
708 839 764 900 pro
793 822 877 884 lactis
906 840 1009 883 eorum
1036 821 1196 901 reperitur,

119 927 227 969 novum
239 909 396 969 consilium
408 906 557 987 adprobo:
571 908 616 969 sin
630 907 801 985 magnitudo
809 907 929 969 sceleris
937 907 1196 987 omniumingenia

118 1002 284 1074 exsuperat,
300 994 343 1055 eis
358 994 505 1055 utundum
522 1012 641 1066 censeo,
658 1010 733 1071 quac
748 991 864 1073 legibus
879 1001 1049 1073 comparata
1064 1002 1147 1054 sunt.
1168 1053 1173 1059 ,

79 1088 94 1138 9
203 1079 339 1158 Plerique
355 1097 469 1152 eorum,
486 1079 536 1156 qui
552 1086 620 1139 ante
636 1096 683 1138 mc
695 1079 857 1139 sententias
868 1077 1016 1152 dixerunt,
1031 1078 1196 1156 composite

117 1174 205 1243 atque
220 1165 376 1245 magnifice
391 1182 491 1226 casum
507 1164 550 1224 rei
564 1162 700 1242 pubbcae
715 1163 846 1225 miserati
860 1174 947 1239 sunt3
963 1181 1038 1241 quae
1051 1161 1123 1224 belli
1134 1182 1195 1226 sae·

116 1249 182 1309 vitia
196 1257 281 1322 esset,
294 1268 368 1328 quae
379 1250 463 1311 victis
474 1248 652 1322 acciderent,
665 1265 891 1310 enumeravero:
908 1249 970 1329 rapi
982 1248 1113 1328 virgines
1125 1267 1196 1329 pue·

116 1354 175 1406 ros,
191 1334 287 1396 divelli
303 1335 412 1397 liberos
427 1353 443 1395 a
458 1343 617 1414 parentum
632 1333 798 1413 complexu,
822 1343 931 1395 matres
946 1333 1122 1396 familiarum
1138 1333 1195 1414 pati

117 1439 192 1499 quae
207 1420 368 1482 victoribus
383 1420 595 1491 conlubuisset,
618 1419 685 1479 lana
706 1426 794 1496 atquc
809 1420 914 1480 domos
929 1419 1060 1498 spoliari,
1077 1421 1194 1481 caedem

116 1505 253 1566 incendia
272 1505 350 1579 ficri,
372 1514 525 1586 postremo
548 1505 637 1566 armis
665 1503 854 1566 cadaveribus
876 1523 983 1565 cruore
1005 1513 1094 1582 atque
1117 1504 1195 1567 luctu

66 1598 93 1650 10
116 1591 215 1652 omnia
230 1591 382 1671 compleri.
426 1592 487 1664 sed,
510 1609 565 1671 per
580 1590 651 1651 deos
666 1589 840 1662 inmortalis,
864 1608 922 1668 quo
945 1589 993 1649 illa
1016 1590 1112 1652 oratio
1128 1607 1195 1670 per·

117 1674 226 1737 tinuit?
260 1695 296 1736 an
314 1676 356 1737 uti
372 1695 423 1738 vos
438 1677 561 1738 infestos
576 1675 777 1737 coniurationi
799 1673 936 1736 laceret?
962 1674 1085 1748 scilicet,
1108 1693 1195 1755 quem

117 1843 240 1907 sebicbte,
260 1858 324 1908 ganz
341 1843 481 1895 besonders
493 1842 539 1894 das
552 1844 631 1896 heim·
682 1842 731 1895 Der
750 1841 813 1895 Sinn
828 1836 1032 1908 ‘ungesetaliche
1049 1840 1194 1909 blaisregel,

117 1910 251 1962 tdclriscbe
271 1910 406 1976 Vorgehen
424 1926 471 1962 vor
493 1911 550 1963 dem
569 1911 632 1964 Ver·
681 1910 969 1976 verlassungswidriges
994 1903 1136 1976 Beginnen’
1161 1925 1195 1962 er·

117 1977 336 2044 oicbtuogsluieg.
518 2032 521 2038 ,
683 1979 747 2031 hellt
764 1993 810 2030 aus
833 1977 890 2030 dem
909 1977 1070 2042 Gegensatze
1094 1978 1195 2043 legiam

151 2049 237 2110 magia
249 2046 316 2111 quid
327 2082 333 2096 .
348 2085 353 2097 .
364 2083 371 2096 .
382 2048 558 2111 quaerebant:
573 2063 630 2099 aum
683 2050 854 2114 compca-alm
867 2045 988 2113 ebenso§
1000 2047 1031 2099 18
1039 2061 1126 2110 genua
1136 2063 1196 2112 poe·

114 2111 253 2164 Gedanken
272 2111 323 2178 vgl.
343 2111 434 2180 Polyb.
459 2118 499 2176 15,
521 2117 546 2177 4,
566 2110 630 2167 1οὁ
681 2131 733 2166 aaa
755 2131 853 2166 novum
874 2107 1091 2180 ‘ungesetzlicbes
1116 2113 1194 2167 Strat-

113 2176 236 2232 Πόπλιος
270 2181 412 2232 ἐσκοπεῖτο
447 2177 515 2249 παρ’
553 2176 630 2248 αὑτῷ
681 2177 824 2235 verlohren‘
844 2197 889 2234 aus
906 2182 964 2248 §1¹1
983 2183 1073 2234 aliena
1092 2200 1109 2235 α
1127 2199 1193 2249 rep.;

113 2245 336 2318 συλλογιζόμενος
353 2239 403 2311 οὐχ
414 2244 502 2300 οὕτως
521 2253 551 2300 τί
567 2245 630 2302 δέον
680 2251 733 2317 vgl.
750 2268 835 2302 αουαα
852 2267 902 2303 res.

113 2315 220 2368 παθεῖν
239 2312 447 2386 Καρχηδονίους,
465 2313 503 2368 als
519 2321 550 2368 τί
566 2314 629 2371 δέον
715 2323 839 2385 ingenia:
853 2320 893 2371 die
906 2317 1138 2384 llrllndnngslrrall.
1158 2317 1193 2371 lm

109 2373 145 2506 {p
162 2383 268 2505 aliodem
281 2379 432 2451 Ῥαμαίους.
447 2415 477 2423 -
488 2385 578 2454 forat:
597 2403 626 2439 zu
680 2386 825 2519 Deutsclppp
838 2391 917 2438 etwa:
929 2385 990 2438 ‘alle
1000 2385 1112 2452 Begriile
1121 2387 1193 2439 dber·

147 2491 153 2513 ,
184 2494 190 2505 .
680 2453 766 2520 steigt’
819 2460 843 2521 .).
1170 2511 1172 2515 Α

147 2524 170 2573 l.
193 2521 350 2573 consulatis:
376 2520 432 2572 dem
451 2520 539 2587 Erlolg
563 2523 628 2574 nach
715 2524 817 2589 legibus
840 2526 1009 2588 comparata:
1031 2518 1129 2574 ‘durch
1154 2521 1192 2574 die

52 2595 55 2602 '
112 2591 195 2641 soviel
209 2589 416 2657 compareatis}
430 2593 458 2649 2;
471 2591 532 2642 aber
544 2591 571 2641 in
583 2589 627 2642 der
679 2591 788 2643 Gesetze
801 2607 832 2642 an
845 2591 886 2643 die
898 2590 970 2642 Hand
983 2585 1121 2656 gegeben’;
1140 2590 1192 2658 agl.

112 2658 251 2710 bildlicben
269 2657 428 2725 dullassung
447 2659 492 2711 des
511 2658 627 2711 Verball-
680 2659 731 2711 Gic.
750 2658 814 2711 Sull.
833 2661 865 2712 63
881 2675 996 2724 poenam
1015 2676 1083 2724 quaa
1101 2657 1194 2720 fuerat

112 2728 195 2778 nisses
213 2743 245 2778 zu
262 2729 322 2777 irae
334 2731 383 2778 etc.
403 2726 486 2779 dauon
499 2728 627 2780 verschie-
678 2743 773 2792 nuper,
790 2730 974 2794 superioribus
992 2729 1096 2792 legibus
1114 2743 1192 2779 con·

118 2794 175 2854 den;
194 2794 246 2858 vgl.
266 2795 318 2859 lug.
339 2796 380 2858 33,
399 2797 423 2847 3.
677 2799 816 2848 scitula.
852 2795 936 2848 Scbon
965 2797 1029 2847 nach
1052 2796 1124 2848 alten
1146 2794 1192 2847 Ge·

146 2864 169 2914 8.
188 2862 625 2929 digna:absolutwielug.62,8;
678 2869 765 2916 setzen
788 2865 840 2916 und
862 2863 1016 2929 neuerdings
1044 2863 1124 2917 durcb
1151 2863 1191 2917 dle

111 2929 249 2995 cigentlicb
260 2920 330 2981 ‘dem
344 2928 481 2983 Verdienst
492 2932 558 2996 (bier
571 2929 626 2985 ‘der
678 2933 722 2984 lem
741 2933 898 3000 Sempronio
921 2934 967 2985 631
989 2935 1059 2996 (123)
1078 2947 1133 2984 war
1151 2931 1190 2984 die

111 2988 226 3062 Schuld')
237 2997 319 3063 vdllig
329 3000 526 3066 entsprecbend,
536 3001 626 3052 durch·
677 3000 850 3068 Verbdngung
860 3001 904 3053 der
914 2998 1078 3052 Todesstrale
1092 3016 1124 3052 au
1135 2999 1191 3052 eine

110 3081 156 3118 aus
174 3058 363 3132 angemessen‘3
382 3081 439 3134 syn.
454 3068 551 3120 idonea
564 3068 626 3121 oder
677 3069 828 3136 Bedingung
838 3069 975 3137 gekndplt:
989 3069 1039 3119 Cic.
1050 3067 1147 3135 p.Rab.
1160 3069 1190 3121 12

109 3138 182 3185 iusta
195 3150 291 3199 poena.
321 3133 367 3186 llic
381 3133 548 3202 Vorstellung
560 3137 625 3189 wird
678 3138 704 3192 C.
719 3138 854 3191 &aeolus
872 3139 955 3202 legem
974 3139 1037 3188 tulit
1047 3153 1081 3187 ne
1099 3137 1132 3188 da
1149 3153 1191 3188 ca·

109 3201 325 3267 vervollst'aindigt
337 3201 416 3254 durcb
424 3218 476 3268 pro
488 3201 623 3265 faotia‘im
674 3211 731 3272 pite
754 3210 853 3257 civim
875 3206 950 3257 Hom.
974 3209 1079 3256 iniussu
1100 3209 1189 3258 vostro

109 3268 256 3322 Verbiltnis
271 3286 301 3321 au
320 3270 392 3322 ibren
405 3263 527 3330 Thaten’;
547 3288 623 3324 wenn
676 3277 703 3337 (i.
722 3292 743 3326 e.
760 3275 865 3340 populi)
883 3275 1061 3326 iudicaretur.

105 3354 157 3404 pro
178 3339 266 3404 lehlte,
285 3353 315 3390 so
335 3341 404 3391 wire
422 3338 624 3407 dieBeaiebung
710 3345 733 3394 9.
762 3345 917 3408 composite:
948 3342 996 3394 den
1025 3340 1087 3393 Sinn
1118 3341 1189 3408 giebt

109 3421 160 3458 von
178 3406 261 3469 factis
278 3406 436 3471 undeutlicb,
453 3407 505 3473 vgl.
525 3407 555 3459 ad
574 3407 623 3460 lle-
675 3409 786 3462 deutlicb
796 3410 848 3477 lug.
859 3413 900 3475 85,
910 3413 938 3463 31
949 3433 955 3470 ;
967 3411 1018 3476 vql.
1026 3410 1079 3462 Cat.
1090 3413 1132 3474 52,
1144 3411 1189 3470 13;

107 3488 178 3529 reun.
192 3479 216 3539 4,
231 3478 262 3528 12
276 3477 349 3558 qood
359 3477 422 3526 duic
434 3475 565 3560 maleficio
575 3477 623 3560 ¹di·
675 3477 728 3544 lug.
743 3481 788 3558 85,
798 3481 839 3531 26.
875 3480 912 3529 dn
932 3479 987 3559 sich
1005 3478 1069 3558 lieqt
1087 3478 1188 3531 keines·

105 3545 624 3679 atalatltlltlt.tt‘ttttttttti
675 3545 1002 3683 baubatibus
1017 3547 1190 3667 ,latuit

107 3676 165 3732 Ter.
189 3678 249 3730 Hec.
272 3682 322 3734 209
345 3696 381 3731 an
407 3685 550 3748 quicquam
571 3701 622 3750 pro
674 3685 720 3734 tib
739 3682 947 3735 dicereinrania
965 3689 1011 3746 est,
1029 3687 1189 3736 sententiose

106 3748 166 3796 ielis
183 3743 264 3806 factis
283 3749 394 3813 dignum
407 3753 432 3799 ta
450 3750 504 3803 dici
519 3756 623 3817 potest?
673 3755 762 3802 cutem
778 3755 836 3802 sine
848 3755 989 3804 carbonam
1007 3757 1034 3802 et
1052 3754 1147 3804 ordine
1164 3757 1190 3803 et

142 3830 239 3866 novum
258 3818 413 3867 cocullum:
433 3817 485 3882 vgl.
498 3834 529 3871 au
542 3821 583 3884 35,
596 3823 620 3872 2.
673 3820 759 3885 modo,
778 3819 907 3882 infantia.
