2498 4276
369 135 410 187 nt
427 135 531 188 nmo
546 134 701 190 tucrum
736 136 763 187 (L
782 139 822 189 st.
1078 137 1139 195 203

58 308 262 387 omnibusque
284 307 373 369 bonis
394 316 534 388 oportere
557 308 624 386 plus
645 308 756 387 gloriae
771 327 860 387 qnam
875 310 1040 371 divitiarum
1057 330 1137 383 esse;

57 413 157 466 arma,
188 414 250 455 non
266 393 481 472 supellectilem
502 393 603 453 decori
625 412 699 454 esse.
740 395 813 472 quin
835 413 922 474 ergo,
945 397 1024 474 quod
1048 397 1134 473 iuvat,
1156 407 1185 458 n

58 481 142 560 quod
164 497 266 540 carum
281 487 462 550 aestumant,
483 477 513 538 id
528 497 645 556 semper
659 479 783 539 faciant:
806 490 921 552 ament,
944 491 1066 559 potent,
1088 482 1138 543 ubi

57 565 291 627 adulescentiam
306 565 447 636 habuere,
462 562 502 623 ibi
517 572 701 624 senectutem
716 574 821 643 agant,
837 566 868 626 in
884 567 1032 640 conviviis,
1047 566 1138 629 dediti

56 652 157 712 ventri
181 659 210 710 et
231 651 428 729 turpissumae
448 649 526 729 perti
547 650 697 728 corporis;
718 648 857 711 sudorem
873 651 1024 731 pulverem
1040 661 1070 713 et
1085 653 1140 714 alia

58 736 130 798 talia
142 736 315 814 relinquant
330 734 428 806 nohis,
443 733 552 813 quihus
566 733 615 794 illa
630 734 725 812 epulis
740 735 914 797 iucundiora
929 746 1008 798 sunt.
1039 755 1142 799 verum
1163 750 1192 801 rt

58 841 121 883 non
146 821 188 881 ita
208 829 268 895 est;
292 838 359 880 nam
383 819 434 880 nbi
456 839 488 880 se
510 818 627 898 flagitiis
648 819 861 882 dedecoravere
883 823 1055 901 turpissumi
1074 824 1138 897 riri,

58 907 211 968 bonorum
240 906 370 985 praemia
397 914 532 984 ereptum
562 914 643 964 eunt
687 905 726 965 ita
749 905 951 968 iniustissume
973 908 1089 969 luxuria
1111 917 1190 970 1111

58 992 192 1072 ignavia,
215 1008 370 1069 pessumae
384 1000 476 1062 artes,
499 989 555 1050 illis
570 989 621 1067 qui
636 990 755 1050 coluere
770 1009 819 1052 eas
836 993 908 1053 nihil
924 994 1072 1066 officiunt,
1096 995 1139 1055 rei

59 1077 199 1157 publicae
214 1076 353 1136 innoxiae
367 1075 443 1136 cladi
458 1084 538 1137 sunt

148 1163 233 1222 Nunc
249 1161 389 1239 quoniam
405 1161 471 1232 illis,
488 1168 630 1238 quantum
646 1161 702 1220 mei
720 1179 829 1232 mores,
845 1179 906 1221 non
922 1161 1039 1224 illorum
1056 1164 1138 1245 flagi·
1161 1173 1191 1225 tt

59 1249 99 1309 tia
123 1246 307 1328 poscebant,
330 1247 488 1325 respondi,
512 1262 606 1324 pauca
628 1245 664 1304 de
687 1263 719 1304 re
734 1245 852 1325 publica
866 1246 979 1324 loquar.
1010 1248 1140 1327 primum
1161 1259 1190 1310 45

59 1333 197 1394 omnium
212 1332 248 1392 de
260 1331 394 1392 Numidia
409 1331 522 1392 bonnm
538 1329 644 1390 habete
659 1331 800 1403 animum,
815 1330 955 1402 Quirites.
980 1350 1046 1393 nam
1063 1352 1138 1413 quae

60 1420 95 1480 ad
111 1418 170 1479 hoc
186 1427 304 1496 tempus
318 1417 491 1497 lugurtham
505 1424 597 1476 tutata
618 1425 706 1489 sunt,
728 1416 826 1476 omnia
842 1417 1022 1489 removistis,
1046 1420 1138 1479 avari·

59 1505 131 1565 tiam
150 1501 320 1581 inperitiam
334 1511 421 1582 atque
437 1500 620 1582 superbiam3
643 1500 750 1562 deinde
773 1501 919 1562 exereitus
942 1502 981 1562 ibi
997 1512 1041 1563 est
1056 1504 1136 1565 loco-

58 1608 127 1650 rum
150 1588 264 1660 sciens,
293 1588 345 1648 sed
375 1587 543 1648 mehercule
565 1586 658 1664 magis
680 1596 820 1648 strenuus
844 1604 931 1665 quam
954 1587 1037 1664 lelix;
1068 1608 1138 1650 nam
1159 1603 1189 1653 16

58 1691 168 1754 magna
183 1690 252 1752 pars
267 1674 330 1734 eius
352 1673 471 1733 avaritia
485 1682 536 1733 aut
552 1671 714 1731 temeritate
730 1673 839 1732 ducum
854 1672 951 1732 attrita
966 1683 1019 1734 est.
1050 1692 1138 1753 quam
1160 1688 1189 1738 tt

59 1761 97 1820 ob
115 1777 180 1819 rem
196 1776 261 1831 vos,
284 1757 392 1837 quihus
407 1757 540 1819 mihtaris
554 1765 633 1818 aetas
648 1765 707 1829 est,
730 1757 895 1817 adnitimini
910 1776 1027 1819 mecum
1043 1770 1072 1820 et
1088 1778 1137 1820 ca-

58 1845 171 1925 pessite
193 1861 257 1903 rem
279 1843 445 1923 publicam;
468 1861 566 1921 11111111
590 1859 768 1921 quemquam
784 1860 819 1902 ex
836 1843 998 1904 calamitate
1012 1844 1137 1906 aliorum

77 1938 111 1990 ut
133 1930 344 2008 imporatorum
364 1929 501 2008 superbia
517 1938 613 1988 motus
628 1927 748 2006 ceperit.
778 1938 895 2006 egomet
910 1929 939 1988 in
956 1929 1072 2009 agmine
1087 1939 1138 1991 aut

110 2045 571 2110 mnibusqueeto.:vgl.Gat.'l,4-6.
624 2042 714 2094 selben
736 2043 829 2096 deuten
852 2045 951 2097 einzeln
974 2045 1019 2097 aut
1042 2045 1137 2111 Bestia,

112 2117 135 2167 1.
156 2116 222 2179 quia
241 2149 247 2163 .
267 2150 294 2163 ..
311 2112 431 2174 sariam:
451 2111 571 2165 eusdem
623 2110 732 2163 Albinus
750 2112 802 2163 und
820 2111 940 2165 Metellus
958 2113 1010 2165 hin.

57 2182 111 2235 Geb
127 2182 193 2234 euch
215 2195 267 2232 ron
288 2181 397 2246 quirin
416 2180 572 2233 deraufior-
658 2179 765 2231 deinde:
789 2182 845 2247 ldgt
867 2197 898 2233 an
922 2181 979 2232 dem
997 2198 1060 2234 uam
1078 2219 1085 2236 .
1104 2221 1110 2236 .
1130 2224 1136 2236 .

57 2251 102 2303 der
123 2249 173 2302 den
191 2247 271 2315 Frage
293 2250 340 2302 mit
364 2250 421 2301 dem
445 2248 573 2301 ludikativ
624 2252 774 2300 removistis
804 2250 879 2302 einen
909 2250 1019 2302 aweiten
1049 2251 1136 2304 Grund

56 2254 122 2386 (vgii
140 2319 195 2369 Cat.
215 2320 255 2381 20,
275 2321 307 2371 14
330 2320 395 2384 quin
418 2321 505 2383 igitur
527 2334 573 2368 eu·
625 2316 709 2367 hinzu.

55 2380 272 2459 pergisaisaiait)
285 2386 398 2438 schreibt
410 2401 438 2438 es
451 2386 505 2437 sich
519 2386 572 2446 her,
658 2385 699 2436 46.
723 2401 786 2435 nam
810 2422 816 2436 .
836 2422 867 2439 ..
892 2389 986 2437 attrita
1008 2392 1057 2437 est:
1083 2387 1137 2441 hier

55 2456 117 2511 date
137 2470 166 2506 es
190 2454 255 2505 auch
283 2469 330 2506 vor
355 2454 412 2505 dem
436 2453 573 2522 Imperativ
624 2452 704 2503 meint
731 2452 801 2503 wohl
824 2452 918 2506 Marius
945 2454 993 2506 den
1017 2454 1137 2509 Metellus

57 2539 90 2575 un
135 2521 192 2574 dem
210 2523 298 2588 imper.
318 2521 478 2586 KonJ'unlrtiv
496 2536 574 2588 ange·
625 2521 694 2571 nicht
706 2521 761 2584 mit,
780 2535 833 2571 was
848 2520 966 2572 dberdies
979 2522 1035 2575 eine
1048 2537 1093 2588 gar
1106 2540 1136 2575 zu

57 2608 82 2640 w
101 2591 163 2642 adet
177 2590 248 2643 wird.
278 2590 337 2642 Hier
352 2586 415 2641 ‘nun
432 2605 461 2643 so
479 2593 572 2656 magen
624 2587 710 2640 starlm
732 2588 801 2654 Luge
824 2588 878 2640 sein
903 2589 1003 2653 words,
1027 2590 1136 2642 scudem

59 2653 105 2712 sie'
127 2675 152 2710 u.
165 2673 185 2710 s.
199 2673 232 2709 w.
624 2655 713 2708 deutet
737 2663 789 2707 erst
813 2657 847 2706 im
865 2656 1003 2722 folgenden
1020 2660 1137 2724 impera·

93 2742 188 2779 samam
211 2730 372 2777 aestumant:
400 2725 471 2778 nicht
494 2725 574 2778 leicht
625 2728 713 2775 tomam
735 2726 859 2789 superbia
880 2724 896 2789 ξ
916 2727 948 2776 tt
973 2724 1069 2776 wieder
1093 2726 1138 2778 eui

57 2795 140 2847 lindet
157 2794 213 2846 sich
231 2810 260 2847 so
279 2799 431 2845 aestumare
447 2794 495 2846 mit
509 2794 573 2859 dop·
625 2792 716 2843 dessen
729 2790 883 2854 Benehmen‚
901 2791 959 2843 dem
977 2791 1023 2843 des
1038 2792 1136 2861 seinige

55 2864 154 2931 peltem
167 2861 235 2925 heo,
255 2863 304 2914 wie
319 2865 494 2922 existumare,
513 2863 575 2914 aher
627 2859 764 2912 uniihnlioh
782 2861 837 2911 sein
857 2860 951 2924 werde,
970 2861 1021 2912 hin.

56 2933 102 2984 der
121 2929 185 2982 Sinn
206 2931 241 2982 ist
258 2924 353 2982 ‘hohen
371 2929 443 2982 Wert
464 2930 574 2982 heimes-
660 2931 700 2989 41,
713 2931 840 2993 capessite
850 2944 906 2979 rem
917 2929 1064 2994 publicam:
1083 2931 1135 2997 vgl.

57 2991 122 3064 sen'‚
144 2998 198 3066 vgl.
216 2999 410 3064 ampteaamim'
428 2999 480 3051 Cat
495 3001 535 3062 52,
549 3002 573 3051 5.
625 2996 678 3047 Cat.
692 2997 733 3059 52,
746 2999 770 3048 5.

91 3072 190 3129 ament,
206 3072 300 3133 potent
318 3072 380 3121 eto:
400 3067 451 3133 vgl.
465 3066 517 3118 Cat.
533 3069 572 3129 11,
658 3080 742 3130 neque
752 3105 757 3116 .
768 3101 774 3116 .
785 3105 791 3117 .
802 3068 913 3131 ceperit:
923 3081 1008 3131 neque
1017 3064 1086 3117 steht
1096 3065 1137 3118 hei

59 3140 89 3197 6;
110 3137 194 3200 l3,3;
215 3138 254 3198 14,
267 3138 290 3188 2.
625 3133 681 3184 dem
708 3133 931 3199 imperativischen
956 3134 1028 3198 Conj.
1051 3132 1136 3188 Praes

91 3206 134 3256 43.
147 3206 187 3254 ita
199 3205 381 3254 iniustissume
392 3207 453 3255 etc:
468 3202 491 3255 d.
504 3203 521 3254 i.
529 3195 572 3254 ‘so
624 3201 686 3252 oder
696 3201 762 3254 Peri.
773 3201 924 3267 regelreeht,
937 3217 1011 3254 wenn
1021 3200 1066 3254 der
1078 3217 1137 3254 vor·

57 3271 159 3338 ergiebt
181 3272 236 3323 sich
258 3272 299 3325 die
317 3271 466 3323 sebreiende
484 3270 571 3336 Unge-
623 3269 1136 3337 hergebendelmperstivsatapositisist:

56 3338 224 3405 rechtiglteit‚
242 3336 303 3392 dals'
324 3356 349 3392 u.
363 3355 383 3390 s.
397 3339 412 3390 1.
623 3339 674 3404 vgl.
700 3342 762 3403 110,
780 3342 797 3391 4
815 3344 841 3389 et
864 3377 909 3394 ...
927 3353 1073 3405 numqaum
1088 3354 1138 3404 pu-

91 3411 134 3461 44.
155 3411 274 3474 primum
300 3409 431 3459 omnium:
459 3407 513 3460 hier
537 3408 571 3458 im
624 3410 733 3459 taosris.
767 3408 841 3458 hueh
860 3406 940 3459 findet
958 3408 1021 3469 hier,
1044 3406 1092 3458 wie
1111 3407 1137 3458 ln

57 3476 137 3528 Sinne
165 3492 217 3528 von
242 3480 272 3526 in
295 3478 395 3542 primis
421 3475 483 3527 oder
510 3481 573 3526 ante
623 3474 668 3526 der
693 3475 860 3541 angetdlrrten
883 3474 975 3538 stelle,
1000 3474 1071 3526 nieht
1096 3474 1135 3526 ein

56 3548 157 3596 omnia.
624 3541 729 3606 verbor,
749 3543 859 3595 sondern
878 3543 934 3594 eine
946 3542 1137 3610 hullorderung

91 3617 134 3666 15.
145 3618 236 3677 atque:
247 3628 294 3663 vor
303 3613 360 3663 dem
371 3611 464 3663 dritten
474 3610 572 3675 Gliede,
624 3615 696 3674 statt,
719 3610 860 3676 gegrimdet
878 3611 923 3663 aul
940 3612 996 3663 eine
1014 3611 1138 3679 mitange-

56 3679 574 3743 diesesbesondershervorhebend,wah-
624 3678 727 3730 deutete
750 3677 950 3745 Versicherung,
973 3679 1015 3730 die
1039 3680 1073 3731 im
1096 3695 1137 3732 so·

56 3748 119 3801 rend
134 3747 412 3815 beidurcbgeiirhrtem
421 3747 572 3815 Asyndeton
625 3747 709 3813 gleioh
732 3746 868 3813 folgenden
897 3748 963 3799 noch
988 3747 1066 3800 nibet
1094 3748 1137 3801 be·

56 3818 97 3870 die
109 3815 221 3884 Begrille
233 3817 287 3869 sich
298 3815 507 3883 gleichstimden;
521 3815 573 3867 die·
625 3816 723 3867 stimmt
741 3815 812 3868 wird.
