2498 4276
132 136 174 196 40
509 134 535 188 C.
555 133 710 187 ShLLVSTl
728 133 832 187 CRISPl

95 324 109 373 a
132 328 188 389 pro
212 308 299 369 certis
322 315 481 387 captarem.
519 307 568 368 sed
593 308 660 386 quia
683 307 783 369 multis
805 314 834 367 et
848 307 963 386 magnis
985 308 1207 387 tempestatibus

133 413 185 455 vos
207 394 333 472 cognovi
355 392 440 454 fortis
463 393 596 471 fidosque
618 391 708 467 mihi,
732 412 768 453 eo
791 392 909 454 animus
930 412 1020 455 ausus
1043 401 1090 455 est
1111 411 1208 456 mauu·

133 497 215 540 mum
230 488 319 557 atque
330 478 575 559 pulcherrumum
587 478 701 540 facinus
716 478 864 557 incipere;
880 479 966 539 simul
980 478 1050 557 quia
1066 478 1153 543 vobis
1168 499 1208 541 eu·

94 579 109 628 4
133 565 200 625 dem
216 583 293 644 quae
307 564 378 625 mihi
390 563 468 624 hona
481 563 614 642 malaque
627 583 691 625 esse
703 563 846 624 intellexi:
864 582 932 624 nam
944 564 1022 624 idern
1034 564 1110 626 velle
1127 573 1208 646 atquc

133 651 208 710 idem
226 650 315 722 nolle,
332 668 365 710 ea
381 650 498 710 demum
515 650 598 709 firma
613 649 739 710 amicitia
756 659 809 710 est.

95 749 110 798 5
219 735 276 796 Sed
289 753 345 814 ego
358 744 540 814 quaemente
551 735 666 814 agitari,
678 753 781 795 omnes
790 735 847 795 iam
859 742 945 795 antea
959 733 1070 796 divorsi
1082 735 1169 798 audis
1181 735 1187 748 '
1202 758 1207 765 ·

81 835 111 885 ‘u
134 830 264 882 ceterum
280 820 353 880 mihi
369 821 398 880 in
419 819 481 880 dies
496 821 588 899 magis
611 819 727 880 animus
749 819 937 892 accenditur,
961 838 1030 880 cum
1045 821 1207 897 considero,

134 925 209 984 quae
226 905 361 966 condicio
383 905 458 966 vitae
482 905 580 966 lutura
603 905 653 978 sit,
678 905 734 966 nisi
757 914 875 966 nosmet
897 904 953 984 ipsi
975 905 1162 969 vindicamus
1182 906 1217 975 in,

96 1007 110 1055 ἰ
134 991 310 1052 libertatem.
341 1008 408 1050 nam
426 998 583 1070 postquam
605 989 786 1071 respublica
809 991 839 1050 in
856 1008 1021 1070 paucorum
1044 992 1207 1070 potentium

134 1077 180 1138 ius
195 1084 284 1154 atque
299 1076 445 1136 dicionem
461 1076 617 1151 concessit,
636 1094 755 1155 semper
769 1076 825 1138 illis
839 1094 925 1155 reges
939 1077 1108 1137 tetrarchae
1123 1095 1159 1138 ve

134 1162 214 1240 gales
236 1180 315 1235 esse,
346 1161 449 1240 populi
471 1161 608 1223 nationes
629 1161 774 1241 stipendia
796 1161 944 1241 pendere:
975 1161 1070 1222 ceteri
1099 1181 1151 1224 om

134 1246 249 1308 strenui
263 1245 352 1318 honi,
376 1246 492 1307 nobiles
507 1255 595 1324 atque
611 1246 774 1326 ignobiles,
796 1246 899 1325 volgus
914 1247 1024 1307 fuimus
1038 1247 1104 1308 sine
1119 1265 1172 1326 gra

134 1333 199 1393 sinc
214 1331 402 1406 auctoritate,
419 1332 461 1392 eis
477 1331 613 1404 obnoxii,
631 1331 754 1410 quibus,
771 1332 795 1392 si
810 1350 858 1393 res
873 1331 991 1411 publica
1007 1332 1206 1407 valeret,·lor·

96 1431 111 1483 8
133 1417 237 1478 midini
250 1435 390 1478 essemus.
420 1416 519 1495 itaque
532 1418 628 1478 omnis
643 1418 735 1496 gratia
748 1417 880 1496 potentia
893 1417 990 1478 honos
1002 1417 1119 1480 divitiae
1135 1416 1204 1498 apud

134 1504 199 1564 illos
210 1511 280 1564 sunt
296 1510 346 1563 aut
361 1501 413 1563 uhi
424 1502 464 1562 illi
480 1501 601 1564 volunt:
618 1501 705 1563 nohis
717 1502 863 1581 reliquere
876 1502 1007 1581 pericula
1019 1504 1156 1582 repulsas
1166 1504 1203 1565 iu·

96 1602 111 1652 9
133 1589 206 1649 dicia
230 1596 397 1666 egestatem.
429 1605 504 1667 quac
527 1606 682 1667 quousque
709 1589 826 1649 tandem
850 1586 1018 1667 patiemini,
1048 1587 1203 1651 fortissumi

132 1672 208 1734 viri?
231 1692 333 1734 nonne
353 1675 446 1734 emori
461 1692 515 1752 per
531 1673 665 1734 virtutem
681 1681 826 1752 praestat,
850 1691 938 1752 quam
960 1673 1049 1733 vitam
1071 1675 1220 1736 miseram.

132 1841 184 1906 vgl.
198 1840 263 1894 Gell.
275 1841 305 1893 N.
319 1840 348 1892 Α.
364 1843 403 1904 18,
416 1845 441 1906 4,
454 1845 485 1894 10
502 1842 645 1892 didicimus
697 1843 879 1906 quaemanibus
896 1855 1047 1891 concessam
1064 1857 1121 1890 ecce
1132 1841 1205 1892 ceteri

132 1904 235 1959 ‘uanos‘
252 1912 366 1973 proprie
384 1909 439 1959 dici
456 1909 602 1961 inaudacec
620 1913 645 1958 et
697 1909 1123 1972 tetrarchaaconisndadant,sine
1130 1909 1203 1959 auth

132 1976 231 2037 infidos
267 1981 292 2025 et
322 1975 391 2025 levia
420 1979 566 2042 inaniaque
593 1992 645 2042 pra
696 1980 847 2027 antemi-ec
859 1979 1003 2028 Armeniae
1020 1978 1204 2028 minmnsssacc

130 2046 261 2109 gravidae
279 2047 305 2092 et
320 2045 392 2092 oecis
403 2047 565 2094 astutissime
577 2061 647 2096 com·
696 2050 763 2094 natu
774 2045 931 2110 appellatas.
950 2043 1008 2111 llgl.
1019 2043 1065 2110 Ep.
1075 2043 1161 2098 ulitur.
1171 2046 1203 2097 tt.

132 2114 268 2177 ponentes.
729 2112 1203 2164 strenuihonizmitversteckterluuu·

168 2182 191 2231 3.
210 2178 424 2243 hanamalaqne:
437 2178 645 2243 substantivisch,
698 2181 810 2232 nescirer
828 2180 975 2266 Beziehunq
992 2196 1023 2231 zu
1043 2187 1091 2233 eet.
1111 2197 1203 2232 omnm:

133 2248 183 2298 wie
202 2248 243 2309 21,
263 2251 275 2298 1
295 2246 374 2299 mala.
696 2242 754 2301 ‘etsi
774 2252 818 2301 str.
837 2250 862 2300 b.
880 2263 986 2314 sumus,
1002 2278 1036 2286 -
1053 2252 1113 2304 nod.
1133 2254 1162 2300 at

168 2318 192 2367 4.
211 2315 377 2365 aedanum:
398 2315 446 2366 wie
467 2316 506 2375 12,
525 2318 548 2366 5.
584 2315 646 2367 Zum
697 2320 754 2382 ign.
779 2317 939 2385 Apposition}
956 2333 1013 2368 zum
1032 2318 1140 2383 vorigen
1169 2316 1203 2368 die

135 2382 273 2434 Gedanluen
285 2383 338 2448 vgl.
351 2383 402 2434 Cic.
416 2383 447 2434 de
460 2382 503 2436 off.
517 2385 541 2446 3,
559 2386 604 2435 ul:
622 2388 647 2434 ci
697 2389 756 2437 noh.
776 2401 805 2437 so
823 2390 870 2451 gut
888 2386 937 2437 wie
956 2385 996 2436 die
1014 2380 1077 2450 ign.²

134 2454 224 2502 omnio
245 2450 371 2512 facienda
396 2455 453 2502 sint
476 2466 543 2515 qaae
564 2454 647 2502 amici
731 2452 847 2515 fuimns:
870 2449 938 2505 ‘sind
959 2449 1158 2520 geworden'‚
1178 2468 1203 2505 m

134 2521 224 2584 uelint,
234 2536 289 2571 nan
301 2522 437 2571 amicitiae
449 2521 515 2570 tales
526 2520 573 2570 ced
584 2535 645 2571 can·
698 2525 739 2585 34,
752 2524 776 2574 2.
1205 2566 1208 2573 .

134 2592 286 2640 iocationes
302 2590 439 2655 putandas
455 2592 519 2642 sint.
731 2606 775 2640 rec
795 2590 867 2655 padi.
889 2589 1005 2640 volaret:
1028 2590 1105 2642 istiu
1125 2590 1204 2657 Bemg

168 2661 193 2711 6.
211 2663 338 2709 catonem:
363 2657 407 2709 der
425 2656 646 2722 Zusammenhang
698 2658 794 2709 auidis
805 2672 954 2722 pancorum
968 2662 1092 2722 potentia
1111 2666 1204 2726 gesagt

134 2721 233 2778 ist‘ich
248 2726 358 2778 hrauche
371 2726 434 2777 euch
449 2726 503 2778 also
516 2724 562 2777 dos
575 2725 646 2777 nicht
699 2725 805 2776 Catilina
825 2724 896 2776 hatte
917 2725 1030 2789 lreilich,
1053 2742 1095 2778 um
1115 2725 1205 2779 ehrlich

134 2809 166 2844 nu
180 2794 362 2857 wiederholen‚
374 2794 484 2845 sondern
494 2795 528 2845 im
538 2794 646 2859 dhrigen
698 2810 729 2846 zu
742 2793 829 2858 reden,
842 2794 883 2845 ein
896 2793 1003 2845 anderes
1014 2793 1126 2860 Suhjelut
1138 2796 1206 2848 bran·

134 2876 182 2912 nur
200 2877 231 2911 zu
249 2875 337 2926 sagen,
356 2856 418 2912 dals‘
439 2878 463 2913 u.
476 2878 497 2915 s.
511 2879 544 2914 w.
699 2862 764 2914 chen
781 2865 892 2914 missen.

170 2933 193 2981 7.
211 2932 254 2979 ius
269 2934 349 2994 ntqna
367 2930 511 2982 dicionem:
530 2929 647 2982 bezeich-
733 2933 757 2983 8.
776 2933 966 2995 omnicgratic
978 2934 1041 2984 etc:
1061 2931 1150 2984 scheri
1159 2932 1208 2985 ein·

134 3005 179 3050 net
193 2997 241 3049 den
255 2997 366 3048 Zostand
379 2997 487 3063 villiger
499 2998 647 3063 hbhhngig-
698 2999 776 3050 ander
788 2999 935 3065 gegeniuber
944 2999 1048 3064 gestellt
1059 3000 1115 3051 sind
1129 3004 1208 3052 honor

134 3067 195 3118 heit.
214 3065 369 3132 Eigentlich:
380 3066 519 3118 rechtliche
530 3065 646 3118 andlelu·
699 3066 751 3118 und
767 3069 896 3133 repulsas,
915 3067 1026 3118 divitiae
1039 3068 1092 3119 und
1110 3074 1209 3135 egesta·

134 3135 216 3187 tische
235 3134 342 3186 Gewalt.
698 3139 762 3196 tenu
782 3134 956 3200 desgleichen,
973 3151 1048 3187 wenn
1062 3138 1128 3188 euch
1142 3137 1209 3190 nicht

169 3206 330 3254 retr-archae:
345 3201 389 3253 der
401 3202 481 3253 Name
495 3203 647 3266 tetrarches,
699 3218 727 3254 so
740 3203 904 3269 eugeniallig,
919 3207 1013 3268 gratia
1026 3205 1076 3256 und
1089 3205 1209 3269 panicale

135 3271 272 3336 cigentlich
302 3266 394 3322 ‘l'hrst
425 3271 496 3321 eines
522 3269 566 3320 der
592 3270 647 3320 vier
698 3275 741 3334 (zu
765 3274 809 3337 16,
829 3274 867 3336 2);
892 3272 992 3324 endlich
1012 3277 1137 3338 potantia
1160 3267 1219 3326 und*

134 3339 213 3405 Gaue,
230 3340 256 3390 in
276 3338 373 3390 welche
392 3339 433 3389 ein
450 3337 541 3389 Gebiet
558 3338 648 3403 geteilt
698 3340 801 3391 indicia
818 3341 878 3404 (wie
899 3344 938 3403 14,
951 3343 984 3406 3).

134 3423 188 3459 war
218 3409 278 3471 (wie
309 3406 459 3458 Thessalico
492 3405 543 3457 und
573 3405 647 3457 Gala·
733 3409 807 3474 apud
832 3409 903 3460 illoc:
935 3410 960 3459 in
987 3409 1068 3460 ihrem
1096 3409 1211 3463 Bereich.

134 3472 214 3541 tien)‘‚
232 3475 321 3527 wurde
335 3475 481 3527 allmhhlich
499 3474 564 3526 auch
579 3473 647 3525 Titel
699 3475 781 3528 Dutch
799 3493 879 3543 penes
896 3478 957 3543 (lug.
975 3479 1016 3538 31,
1031 3480 1077 3537 20;
1096 3477 1138 3530 Or.
1152 3479 1211 3548 Lep.

134 3542 260 3596 hleinerer
287 3543 392 3596 Fdrsten
419 3543 563 3610 uberhaupt
589 3558 646 3594 zum
701 3547 740 3597 13.
760 3548 803 3606 24)
828 3545 915 3597 winde
938 3546 982 3597 der
999 3546 1121 3598 Gedanlue
1143 3562 1213 3599 zwer

135 3611 316 3663 Unterschiede
335 3612 380 3664 des
397 3612 566 3679 Kdnigstitels
589 3629 647 3663 rec.
699 3614 756 3664 dem
777 3612 863 3666 Werte
881 3615 945 3665 nach
967 3614 1038 3665 nicht
1056 3615 1127 3678 sehr,
1151 3618 1213 3669 aher

136 3678 163 3730 B.
183 3678 255 3729 Alex.
279 3681 310 3730 6'1
336 3681 481 3731 Deiotarnc
504 3683 648 3731 tetrarches
699 3681 764 3732 doch
783 3681 808 3731 in
827 3682 871 3733 der
884 3683 1057 3747 Anschauung
1075 3684 1214 3736 ver'a'ndert

137 3747 347 3812 Gallograeciae,
363 3765 435 3800 nnnc
447 3750 551 3814 quidem
561 3764 647 3815 paene
700 3748 811 3801 werden.
839 3749 890 3801 lias
904 3750 959 3801 Bild
979 3751 1024 3802 des
1037 3751 1110 3802 Ortes
1128 3753 1214 3805 erhilt

137 3818 232 3877 totins,
251 3815 324 3879 qaod
340 3818 365 3865 ei
381 3832 467 3882 nequa
484 3817 586 3879 legibus
603 3832 647 3866 ne-
699 3818 753 3869 sich
771 3818 807 3868 im
826 3818 887 3885 lolg.
905 3822 952 3870 uhi
963 3842 997 3862 =
1009 3819 1082 3884 apud
1099 3835 1174 3884 quoa.

229 4004 288 4016 ’-
