2498 4276
255 112 568 166 VORBEMERKUNGEN
586 112 649 164 ZUR
667 112 752 167 REDE
769 114 835 168 DES
853 115 972 168 MAGER.
1093 116 1154 173 269

61 287 243 350 demselben
267 287 357 348 bahre
379 305 431 348 aus
449 287 589 347 Solomorz
613 286 687 347 uber
709 287 803 348 dieses
818 288 970 349 Sohiaksal
993 289 1154 350 erlsrankte

62 373 131 434 und
147 372 241 433 starb.

154 457 255 518 Macer
267 475 328 517 war
346 457 421 517 auch
438 457 479 517 als
494 456 704 534 goriohtiicher
716 455 834 516 biobner
849 457 941 535 thitig
958 458 1017 516 aab
1031 456 1154 518 balbists

64 543 132 605 siah
156 543 211 603 mit
226 541 575 620 Gesohiohtsohreibung.
607 532 688 601 Uber
710 541 760 600 ihn
782 541 823 601 ais
838 540 958 602 Rodner
974 552 1037 620 saga
1052 542 1153 603 Cicera

65 629 166 704 [Brut.
183 627 272 702 238J:
294 626 323 688 C.
350 625 447 687 Macer
469 630 638 687 anctoritate
653 644 761 705 semper
775 629 862 703 epait,
878 628 925 687 sab
939 628 1000 705 fnit
1012 638 1154 706 patronas

61 713 277 794 propemodum
301 711 544 790 dibipentissimns.
584 709 683 772 Hnins
705 714 731 770 si
751 714 826 782 vita,
849 715 875 771 si
888 730 999 780 moras,
1021 716 1048 772 si
1061 712 1155 773 vobtns

64 799 255 878 beaiqnenon
267 815 379 858 omnem
391 798 662 858 commendationem
675 799 775 874 inponi
785 806 929 867 everteret,
942 800 1038 857 mains
1050 816 1153 858 nomen

65 887 99 944 in
119 886 257 962 patronis
273 883 384 960 fnisset.
424 880 490 942 Non
513 891 574 942 orat
597 881 762 952 abundans,
785 899 844 941 non
867 885 951 961 inops
966 894 1070 951 tamen,
1093 900 1153 942 non

64 967 150 1028 valde
171 971 274 1038 nitens,
300 985 360 1027 non
371 967 457 1047 plana
471 966 591 1027 barrida
606 970 710 1038 oratio;
732 983 791 1026 oon
807 977 900 1044 pastas
923 977 948 1026 at
970 971 1064 1028 amnis
1079 972 1153 1028 ostio

64 1057 130 1115 sine
143 1051 254 1133 tepora
271 1060 302 1113 at
313 1055 345 1113 in
358 1051 537 1113 inveniendis
549 1051 800 1131 componendisque
811 1051 895 1111 rabns
907 1055 983 1113 miro
995 1056 1150 1122 accuratio,

64 1148 98 1199 nt
119 1155 182 1198 non
206 1136 296 1214 [oribe
317 1141 349 1198 in
371 1136 431 1197 nilo
454 1136 666 1215 eminentiorem
688 1140 879 1215 maiorempaa
893 1143 1082 1215 capnooarim
1104 1138 1152 1199 sab

64 1241 145 1294 eam,
174 1232 208 1283 nt
237 1225 321 1283 sitias
348 1227 550 1283 veteratoriam
578 1241 664 1301 paam
687 1225 845 1282 oratoriam
867 1223 978 1282 diceres.
1023 1221 1077 1283 Hic
1099 1227 1154 1283 etsi

65 1310 155 1369 etiam
177 1311 209 1368 in
228 1307 351 1386 publicis
374 1310 467 1368 samis
486 1307 679 1386 probabatur,
703 1318 799 1367 tamen
821 1310 853 1366 in
873 1311 997 1386 privatis
1016 1307 1151 1368 irsbastri-

66 1411 148 1455 orem
163 1391 308 1454 obtinebat
322 1391 425 1453 boram.
452 1391 535 1452 Nooh
551 1391 659 1452 herber
674 1391 766 1452 lautas
785 1392 836 1452 bas
848 1391 941 1451 Urteil
956 1392 1031 1452 tiber
1046 1391 1097 1452 ihn
1110 1392 1152 1454 als

66 1476 396 1551 Geschiohtsohreiber‚
419 1475 470 1537 das
494 1476 596 1538 Cicero
620 1477 685 1537 dem
710 1477 823 1537 Atticus
845 1477 875 1537 in
899 1476 956 1537 den
979 1476 1070 1538 Munb
1093 1478 1154 1558 legt

65 1563 115 1642 (de
126 1562 186 1640 leg.
201 1565 229 1634 1,
242 1562 288 1638 7):
304 1581 374 1624 nam
389 1562 458 1643 qaid
473 1560 607 1623 Moeram
621 1560 791 1623 numerem?
807 1562 1058 1643 aninsflopnaaitas
1072 1562 1153 1625 babet

66 1649 179 1728 aliquid
194 1652 388 1727 orontianum,
408 1665 459 1708 neo
474 1648 504 1707 id
518 1657 612 1709 tamen
627 1666 665 1707 ea
682 1646 733 1709 ibba
749 1648 862 1708 arrodita
882 1646 1055 1710 Graecorum
1071 1653 1153 1729 eopia

66 1733 137 1813 (vgl.
162 1732 232 1793 Sall.
249 1732 309 1793 Cat.
326 1733 354 1803 8,
371 1733 419 1809 5),
449 1733 496 1793 seb
521 1751 558 1793 aa
581 1732 739 1795 librariolis
761 1731 889 1806 batinr's;
918 1733 1152 1795 morationibus

64 1823 116 1893 (so.
141 1817 296 1880 annalibus
319 1818 445 1894 insertis)
468 1827 564 1879 antem
587 1817 692 1889 malta,
721 1819 770 1878 seb
791 1822 885 1898 inepta
909 1817 1010 1892 elatio,
1038 1837 1151 1879 samma

65 1903 248 1985 inpudentia.
293 1902 411 1963 Andere
433 1903 603 1965 vermiisten
627 1904 675 1964 bei
697 1903 757 1964 ihm
779 1903 955 1964 historisobre
971 1902 1067 1964 Trous
1089 1904 1150 1964 und

66 1989 244 2067 Beachtung
259 1987 312 2048 der
328 1987 535 2068 Chronologie.
