2498 4260
344 153 384 206 bit
402 152 504 206 BELLO
521 153 674 207 IVGVRTH.
710 155 736 207 G.
749 157 861 209 42-44.

1086 155 1146 212 157

70 329 196 390 advorso
212 327 315 407 populi
327 326 466 405 partium,
482 327 557 386 lama
569 334 668 386 tamen
681 326 826 405 aequabili
839 336 868 387 et
879 326 1026 388 inviolata.
1056 328 1082 389 is
1096 328 1148 389 ubi
1171 337 1185 388 t

70 415 200 494 primum
216 413 419 490 magistratum
435 412 586 490 ingressus
600 420 659 484 cst,
682 412 736 472 alia
759 413 858 480 omnia
874 410 929 472 sibi
952 431 1019 472 cum
1035 414 1148 492 collega

72 509 173 573 ratus,
196 499 232 559 ad
247 497 373 571 bellum,
395 498 474 574 quod
490 506 628 575 gesturus
644 508 723 570 erat,
745 497 876 557 animum
892 497 1029 562 intendit.
1060 499 1150 578 igitur
1171 508 1185 558 t

71 585 210 646 diffidens
220 583 312 644 veteri
323 583 465 643 exercitui
476 581 584 643 milites
595 581 735 655 scribere,
751 581 895 662 praesidia
908 583 1039 661 undique
1051 602 1148 645 arces-

71 687 155 744 sere,
178 687 258 730 arma
273 668 330 730 tela
346 686 439 746 equos
454 676 485 727 et
504 676 600 728 cetera
614 667 813 728 instrumenta
834 667 954 728 militiae
969 687 1089 748 parare,
1113 669 1149 729 ad

71 757 131 816 boc
145 763 341 814 commeatum
357 753 490 824 adfatim,
514 752 643 831 denique
659 753 774 824 omnia,
794 753 915 832 quaein
931 752 1009 814 bello
1024 755 1105 814 vario
1121 763 1151 815 ct

72 840 231 901 multarum
243 857 344 900 rerum
357 838 455 917 egenti
466 837 533 899 usui
551 856 615 899 esse
630 838 737 899 solent.
767 837 903 899 Ceterum
916 838 952 899 ad
965 857 999 899 ea
1010 839 1152 919 patranda
1172 851 1188 900 4

71 934 194 987 senatus
208 925 391 996 auctoritate,
405 923 478 984 socii
494 941 664 1000 nomenque
676 923 814 985 Latinum
830 932 859 984 et
873 942 959 1003 reges
974 924 1053 985 ultro
1068 925 1151 985 auxi·

72 1011 112 1071 lia
126 1011 291 1082 mittundo,
313 1017 463 1088 postremo
481 1008 579 1069 omnis
595 1009 696 1070 civitas
710 1026 825 1070 summo
841 1010 938 1069 studio
954 1009 1150 1072 adnitebatur.

72 1097 174 1174 itaque
189 1114 225 1155 ex
239 1094 385 1156 sententia
409 1092 548 1155 omnibus
563 1092 652 1155 rebus
667 1095 776 1174 paratis
799 1094 1029 1174 compositisque
1045 1096 1075 1156 in
1092 1096 1153 1156 Nu·
1175 1106 1190 1155 5

72 1181 193 1242 midiam
204 1179 411 1259 proficiscitur,
427 1196 534 1256 magna
551 1198 604 1258 spe
616 1179 721 1240 civium
740 1197 807 1239 cum
822 1189 948 1258 propter
958 1181 1028 1241 artis
1047 1181 1150 1256 bonas,

73 1275 140 1326 tum
153 1283 304 1339 maxume,
327 1264 405 1341 quod
422 1264 578 1325 advorsum
593 1264 706 1325 divitias
720 1264 861 1324 invictum
877 1265 1009 1325 animum
1030 1265 1152 1342 gerebat

74 1360 104 1412 et
120 1351 237 1410 avaritia
252 1350 473 1426 magistratuum
490 1358 558 1409 ante
573 1350 602 1411 id
617 1359 734 1429 tempus
749 1350 779 1409 in
793 1349 929 1410 Numidia
944 1360 1063 1411 nostrae
1079 1370 1152 1429 opes

74 1446 218 1496 contusae
232 1436 421 1513 hostiumque
436 1444 539 1495 auctae
555 1446 649 1495 erant.

162 1521 219 1582 Sed
235 1520 286 1581 ubi
302 1519 331 1580 in
348 1520 476 1579 Africam
491 1521 581 1594 venit,
599 1520 744 1580 exercitus
761 1520 787 1579 ei
801 1519 927 1580 traditur
942 1539 957 1580 a
974 1521 1024 1598 Sp.
1040 1520 1148 1581 Albino
1165 1524 1204 1579 44

73 1604 255 1686 proconsule
271 1605 353 1666 iners
368 1604 503 1677 inbellis,
527 1623 625 1684 neque
641 1604 765 1684 periculi
783 1623 881 1683 neque
896 1605 1005 1666 laboris
1027 1607 1151 1685 patiens,

75 1693 177 1771 lingua
193 1708 280 1769 quam
296 1708 385 1750 manu
401 1690 581 1769 promptior,
597 1691 753 1768 praedator
769 1708 804 1749 ex
819 1690 907 1752 sociis
922 1691 1029 1769 etipse
1044 1692 1152 1770 praeda

73 1777 221 1850 bostium,
244 1776 308 1836 sine
323 1775 448 1853 imperio
471 1783 501 1835 et
515 1776 657 1836 modestia
672 1775 799 1835 babitus.
829 1775 868 1835 ita
891 1776 1062 1854 imperatori
1077 1795 1154 1837 novo
1177 1785 1191 1835 2

73 1862 143 1942 plus
159 1881 194 1922 ex
209 1860 292 1922 malis
314 1860 447 1921 moribus
462 1859 668 1922 sollicitudinis
690 1878 777 1938 quam
801 1879 836 1920 ex
850 1861 935 1939 copia
958 1861 1084 1923 militum
1100 1880 1151 1922 au·

110 1999 245 2046 eomer-at:
258 1994 310 2060 vgl.
323 2010 355 2045 ιιι
366 1992 420 2060 lug.
434 1997 474 2059 tt,
488 1997 512 2045 4.
525 1992 590 2045 Sila-

74 2079 127 2127 nus=
136 2061 181 2114 fiel
193 2061 293 2114 Gallica
305 2078 345 2124 ιιι,
354 2063 407 2128 vgl.
416 2062 470 2114 Liv.
480 2061 547 2129 Epit.
557 2063 590 2113 65

73 2132 111 2184 Μ.
124 2132 219 2183 Iunior
231 2130 340 2182 Situnnr
353 2132 447 2182 cenent
464 2131 591 2181 adoerius

76 2201 198 2252 Cimbros
215 2197 362 2260 infeliciter
375 2202 518 2264 pugnavit.

110 2283 283 2334 quemqnam:
301 2266 335 2318 im
355 2266 508 2318 verkrirzten
523 2265 592 2317 Kon-

74 2336 218 2388 zessivsatz
242 2350 289 2386 nur
311 2334 366 2386 bier
390 2335 432 2385 bei
450 2334 526 2398 Sall,
550 2334 592 2385 bei

74 2403 226 2456 Klassilrern
244 2404 293 2466 nie,
311 2403 376 2454 aucb
397 2401 589 2455 nacbldassiscb

74 2472 150 2525 recbt
162 2472 251 2524 seiten.
272 2471 374 2522 Ebenao
389 2471 442 2522 (lat.
456 2473 496 2531 23,
510 2473 525 2522 6
538 2471 591 2521 ein-

74 2541 128 2592 mal
148 2542 282 2606 quamdin
302 2539 353 2604 vgl.
372 2554 403 2591 ιιι
423 2537 464 2590 Οι.
483 2539 548 2590 Phil.
567 2541 590 2590 2.

110 2608 225 2659 advorso
306 2609 439 2672 partium:
458 2607 502 2658 der
520 2606 591 2668 Gen..

76 2677 139 2728 weil
152 2677 280 2727 adver-ene
291 2701 325 2720 =
337 2677 514 2727 adversar-inc
531 2675 590 2727 sub-

75 2745 226 2796 stantiviert
243 2744 290 2804 iet;
308 2745 361 2808 vgl.
377 2744 493 2810 dagegen
512 2746 591 2809 35,1.

110 2811 188 2873 sarna
200 2850 207 2865 .
221 2851 227 2864 .
242 2852 247 2864 .
260 2813 405 2863 inviotata:
422 2812 476 2877 vgl.
496 2812 546 2863 (lic.
566 2825 590 2876 p.

76 2881 151 2933 Balb.
164 2883 203 2933 11.
213 2881 306 2930 rretdttn¹
317 2882 367 2930 ltoc
376 2879 527 2944 depae-ente
536 2896 593 2930 mco

72 2965 154 3016 puer,
172 2964 232 2999 cnm
251 2949 281 3012 Q.
296 2948 418 2999 Metellus
435 2948 465 2999 L.
478 2949 512 3001 F.
525 2950 595 3014 (port

72 3021 236 3084 praeturam
253 3017 421 3069 Siciliensem
434 3019 466 3079 [2]
485 3031 592 3067 caueant

77 3086 111 3136 de
126 3088 251 3150 pecuniis
272 3085 425 3150 repetundis
442 3085 543 3135 diceret
559 3113 592 3122 -

74 3150 592 3218 cumipeinrtabnlaccircumferrentur

76 3222 486 3354 {iiilffliiliiiiiiiit
498 3218 592 3340 itti

76 3361 137 3420 nir,
160 3359 330 3423 grauissimis
349 3359 429 3419 ciria,
453 3360 593 3420 nerninem,

79 3429 148 3494 guin
159 3430 308 3476 removeret
320 3426 410 3476 oculor
428 3430 454 3474 et
468 3442 495 3475 ee
508 3431 593 3476 toturn

78 3499 225 3559 conteret,
247 3510 282 3543 ne
304 3491 390 3557 sorte,
413 3494 486 3559 quod
500 3495 547 3544 ille
563 3496 594 3543 in

80 3562 188 3614 tabutas
205 3563 326 3628 publicas
342 3562 500 3623 rettulisset,
520 3563 595 3611 dnbi-

81 3637 152 3681 tarre
169 3633 325 3696 quiequam,
346 3645 471 3680 rerumne
488 3647 524 3680 nn
541 3627 596 3690 fat-

79 3715 141 3749 eurn
159 3703 233 3763 esset,
250 3699 396 3749 videretur.

116 3769 140 3819 2.
152 3769 290 3832 ingressus
307 3772 356 3817 ert:
376 3780 416 3816 am
430 3769 452 3818 1.
462 3764 519 3817 Jan.
536 3769 594 3826 1093

79 3850 114 3886 ιιι
142 3836 183 3900 36,
203 3839 215 3887 l
235 3851 261 3887 u.
280 3836 320 3898 37,
339 3836 362 3886 3.
401 3833 451 3886 Der
472 3833 596 3886 stebende

642 1992 776 2045 Auadmck
793 1993 828 2044 ist
845 1999 918 2046 sonst
936 1997 1008 2047 iniit.

677 2063 732 2113 alia
749 2067 897 2116 ...ratnrz
920 2061 945 2115 d.
964 2063 989 2116 b.
1014 2061 1085 2115 diese
1109 2079 1153 2116 an-

643 2129 720 2181 deren
730 2130 866 2182 Gescbilte
877 2132 1070 2198 beensprucben
1083 2132 1153 2184 nicbt

644 2198 714 2249 seine
732 2212 812 2264 ganne
825 2198 897 2251 Krait
915 2200 967 2251 und
982 2201 1046 2263 Zeit,
1065 2200 1096 2251 da
1115 2200 1154 2253 Si-

643 2265 717 2317 lanus
739 2266 817 2319 daran
838 2266 896 2319 Tell
920 2269 995 2320 habe.
1031 2268 1064 2320 Es
1088 2269 1153 2333 siud,

645 2350 702 2385 zum
715 2333 771 2386 Teil
784 2337 942 2400 wenigstens
954 2337 1084 2402 religiise,
1103 2336 1154 2388 Ob·

641 2402 822 2467 liegenbeiten,
842 2404 941 2456 welche
957 2404 1023 2456 diter
1041 2405 1089 2456 den
1102 2404 1154 2455 Ab·

642 2485 711 2537 gang
733 2471 759 2522 in
784 2471 825 2523 die
843 2470 952 2523 Provinz
970 2474 1034 2524 dber
1052 2473 1155 2526 Gebirhr

642 2542 817 2605 verzdgerten,
836 2541 957 2605 gemeint.

676 2609 701 2660 4.
726 2612 847 2658 cenatur:
878 2611 959 2659 erstes
987 2607 1096 2671 Subjelrt
1123 2625 1154 2661 au

643 2676 822 2727 adnitebatur.

678 2745 851 2794 anctoritate:
878 2738 966 2793 ‘durcb
992 2743 1063 2794 seine
1084 2742 1156 2794 Voll-

643 2802 882 2876 macbterteilung'‚
909 2810 1011 2862 beziebt
1035 2812 1090 2862 sicb
1112 2812 1157 2863 aul

644 2879 684 2930 die
702 2893 758 2943 sog.
778 2881 886 2929 ornatio
909 2882 1078 2944 provinciae;
1102 2880 1155 2945 vgl.

644 2946 694 2998 Cic.
708 2947 733 2996 in
747 2947 826 2998 Piso
844 2949 900 3010 (zur
913 2946 995 2998 Sacbe
1009 2948 1062 2998 Cat.
1076 2951 1117 3012 26,
1129 2952 1156 3014 t)

643 3030 692 3080 ego
709 3018 876 3080 provinciam
896 3015 1024 3080 Galliam,
1047 3022 1157 3068 renatus

643 3087 807 3134 anctoritate
817 3088 937 3135 eaeercitn
950 3088 976 3134 et
985 3088 1103 3149 pecnnia
1115 3088 1157 3136 in-

644 3156 775 3202 structanr
799 3158 825 3202 et
847 3159 989 3204 ornatam.
1004 3156 1072 3206 ..in
1095 3170 1156 3205 con-

644 3224 715 3270 tione
733 3221 850 3286 deposui.

679 3293 703 3342 5.
722 3294 748 3338 et
765 3292 881 3340 avaritia
898 3296 961 3340 etc:
981 3289 1021 3341 die
1033 3288 1158 3356 Anknirp·

644 3357 708 3423 lung
720 3358 799 3409 durch
813 3363 838 3408 et
851 3359 900 3409 wie
911 3357 964 3408 Cat.
977 3360 1015 3423 19,
1026 3360 1054 3416 2;
1068 3373 1088 3408 s.
1099 3358 1157 3410 dort

645 3424 686 3477 die
705 3426 779 3477 Anrn.

679 3491 726 3548 44.
734 3497 756 3545 1.
762 3492 925 3559 praedator:
936 3492 981 3544 das
988 3492 1074 3544 Subst.
1083 3493 1155 3546 verb.

646 3561 684 3612 als
702 3561 761 3623 Adj.
779 3560 930 3612 verwendet
947 3561 998 3611 wie
1016 3561 1069 3613 Cat.
1089 3566 1113 3626 b,
1133 3567 1156 3629 1,

646 3628 698 3680 und
711 3629 748 3679 als
762 3627 920 3680 Verballorm
938 3629 984 3679 mit
996 3646 1030 3679 en
1047 3630 1157 3682 verbun-

647 3696 705 3761 den,
724 3697 773 3748 wie
790 3697 905 3761 praedas
923 3712 1004 3762 agere
1022 3699 1062 3762 32,
1082 3701 1105 3751 3.

680 3769 737 3815 eine
747 3802 753 3817 .
765 3805 770 3817 .
782 3805 788 3816 .
798 3765 1074 3830 bubitnrzvglnuflat.
1082 3771 1156 3833 11,5;

648 3848 740 3899 wegen
757 3835 871 3899 imperio
890 3849 921 3885 ιιι
939 3833 992 3900 lug.
1012 3837 1052 3899 39,
1066 3839 1089 3888 5.
