2498 4276
134 137 194 195 192
512 119 539 192 c.
558 136 714 191 sumusrr
733 137 835 191 cmsrr

134 321 253 373 coortus
268 313 410 372 harenam
425 311 515 371 humo
528 310 672 383 excitavit,
688 327 721 370 ea
737 329 844 390 magna
858 311 885 371 vi
902 311 1011 389 agitata
1027 329 1081 372 ora
1097 311 1205 373 oculos·
1248 343 1249 347 =

95 409 109 457 ἰ
133 415 190 475 que
206 395 329 476 implere
344 396 433 458 solet:
450 396 488 456 ita
503 403 662 475 prospectu
678 395 818 475 impedito
834 396 944 457 morari
959 397 1027 457 iter.
1057 405 1205 475 postquam

134 481 317 562 Cyrenenses
339 481 489 559 aliquanto
512 481 691 560 posteriores
713 500 744 541 se
767 499 832 542 esse
852 481 953 541 vident
967 490 998 541 et
1013 481 1053 542 ob
1069 499 1135 542 rem
1150 501 1205 543 cor·

134 576 251 646 ruptam
274 567 353 627 domi
375 584 487 644 poenas
511 574 662 638 metuunt,
697 566 848 626 criminari
870 566 1128 646 Carthaginiensis
1149 575 1206 628 anu

134 662 249 730 tempus
271 651 359 711 domo
382 650 544 728 digressos,
568 649 747 711 conturbare
762 670 842 725 rem,
864 652 994 730 denique
1011 653 1115 714 omnia
1130 653 1206 715 malle

96 747 219 816 squam
242 736 309 796 victi
333 735 423 796 abire.
460 736 511 796 sed
534 753 600 796 cum
625 736 716 797 Poeni
738 736 824 797 aliam
846 737 1074 810 condicionem,
1100 746 1206 799 tantum

134 823 221 882 modo
238 838 379 899 aequam,
403 829 554 899 peterent,
579 821 681 882 Graeci
697 822 849 900 optionem
865 821 1159 900 Carthaginiensium
1171 824 1185 883 l
1196 856 1207 870 ·

134 907 231 978 ciunt,
253 916 286 965 ut
300 905 346 966 vel
361 906 419 978 illi,
436 924 511 984 qnos
528 907 593 967 finis
609 907 720 986 populo
735 926 790 967 suo
805 915 958 987 peterent,
973 907 1016 968 ihi
1032 908 1091 969 vivi
1107 908 1207 970 obrue·

134 1002 254 1061 rentur,
270 991 316 1053 vel
330 992 433 1051 eadem
448 992 624 1052 condicione
639 1010 718 1066 sese,
735 1010 822 1071 quem
839 993 982 1053 inlocum
998 993 1130 1065 vellent,
1145 1013 1207 1073 pro·

96 1087 111 1136 9
133 1095 277 1137 cessuros.
308 1076 440 1136 Philaeni
464 1077 638 1139 condicione
661 1076 784 1156 probata
799 1096 890 1155 seque
904 1078 1057 1156 vitamque
1072 1097 1158 1140 suam
1172 1079 1208 1140 rei

83 1170 111 1222 10
133 1160 269 1240 publicae
282 1162 504 1222 condonavere:
521 1162 623 1223 itavivi
641 1163 748 1223 obruti.
773 1162 1033 1242 Carthaginienses
1048 1164 1080 1225 in
1099 1184 1136 1226 eo
1151 1165 1207 1225 loco

134 1247 281 1309 Philaenis
303 1247 444 1308 fratribus
461 1266 525 1308 aras
540 1265 767 1320 consecravere,
790 1248 897 1325 aliique
912 1248 970 1310 illis
985 1249 1069 1309 domi
1085 1251 1208 1311 honores

133 1332 268 1393 instituti.
301 1351 383 1393 nune
398 1333 434 1392 ad
451 1350 514 1393 rem
530 1331 627 1393 redeo.

82 1422 121 1478 80
222 1418 378 1496 Iugurtha,
401 1428 555 1496 postquam
577 1418 681 1478 amissa
696 1417 785 1477 Thala
802 1417 875 1478 nihil
889 1417 958 1478 satis
973 1419 1097 1480 firmum
1113 1428 1208 1481 contra

135 1503 283 1564 Metellum
306 1512 405 1582 putat,
432 1521 486 1581 per
507 1521 628 1583 magnas
650 1502 823 1564 solitudines
845 1521 913 1563 eum
935 1503 1040 1581 paucis
1062 1505 1208 1584 proiectus

134 1589 270 1667 pervenit
298 1589 334 1649 ad
357 1588 510 1661 Gaetulos,
540 1607 634 1668 genus
659 1589 812 1648 hominum
834 1589 930 1647 ferum
952 1588 1165 1668 incultumque
1184 1598 1208 1650 et

98 1684 112 1733 2
135 1692 170 1734 eo
193 1683 327 1752 tempore
350 1674 486 1753 ignarum
509 1673 639 1734 nominis
655 1673 789 1733 Romani.
820 1691 923 1734 eorum
944 1673 1168 1736 multitudinem
1182 1676 1208 1736 in

137 1777 228 1819 unum
246 1759 324 1837 cogit
340 1777 374 1819 ae
390 1759 529 1839 paulatim
546 1759 728 1820 consuefacit
743 1759 863 1819 ordines
877 1757 1002 1831 hahere,
1018 1759 1107 1837 signa
1123 1761 1209 1839 sequi,

96 1844 290 1922 simperium
313 1844 486 1917 ohservare,
509 1845 578 1906 item
601 1843 655 1904 alia
671 1843 806 1903 militaria
828 1845 935 1903 lacere.
965 1853 1123 1922 praeterea
1139 1845 1209 1926 regie

135 1928 244 1990 Bocchi
259 1947 422 2007 proxumos
437 1931 553 2009 magnis
574 1928 749 1991 muneribus
772 1937 801 1988 et
822 1928 983 1989 maioribus
1005 1931 1163 2007 promissis
1178 1931 1209 1992 ad

135 2015 263 2074 studium
286 2014 331 2074 sui
346 2015 497 2092 perducit;
521 2016 586 2093 quis
601 2014 784 2076 adiutoribus
799 2031 898 2092 regem
915 2032 1073 2092 aggressus
1088 2015 1209 2096 inpellit,

97 2109 112 2158 t
135 2100 178 2158 uti
200 2099 339 2158 advorsus
355 2099 504 2159 Romanos
527 2100 636 2161 bellum
651 2100 781 2179 incipiat.
812 2099 840 2158 id
857 2117 890 2158 ea
905 2099 997 2177 gratia
1013 2100 1132 2162 lacilius
1146 2120 1209 2182 pro·

137 2183 264 2259 niusque
287 2183 356 2255 luit,
380 2184 459 2260 quod
477 2183 611 2246 Bocchus
632 2185 717 2245 initio
736 2185 859 2245 huiusce
876 2184 945 2244 helli
962 2183 1076 2263 legatos
1091 2187 1211 2248 Romam

96 2279 112 2325 5
134 2267 254 2327 miserat
274 2267 378 2328 locdus
402 2279 430 2328 ct
453 2268 608 2329 amicitiam
631 2269 769 2350 petitum,
793 2288 882 2347 quam
904 2287 966 2329 rem
983 2273 1210 2349 opportunissu-

136 2369 212 2412 mam
228 2352 349 2430 inoepto
361 2351 438 2413 hello
454 2353 540 2433 pauci
556 2354 776 2434 impediverant,
793 2355 871 2416 caeci
887 2354 1014 2431 avaritia,
1031 2356 1100 2434 quis
1116 2358 1211 2419 omnia

132 2471 217 2534 pasci,
237 2470 334 2519 uehens
352 2485 383 2520 zu
400 2472 474 2535 vehi,
492 2486 600 2522 verrano
617 2488 649 2523 au
736 2473 760 2523 8.
778 2470 1054 2537 Carthaginiensium:
1075 2472 1210 2526 Genetivue

137 2541 240 2588 uersari
258 2553 283 2590 u.
296 2552 319 2590 a.
333 2554 364 2589 m.
701 2553 812 2605 possess.
826 2555 857 2590 zu
870 2538 985 2600 fuciunt.
1016 2538 1061 2592 Sie
1073 2540 1163 2607 legten
1175 2542 1210 2594 die

170 2609 285 2657 morari:
299 2605 371 2671 Subj.
385 2607 419 2658 ist
431 2606 477 2658 das
490 2621 648 2658 zusammen·
701 2606 776 2658 Wahl
794 2607 820 2658 in
840 2607 881 2659 die
899 2607 985 2658 Hence
1004 2606 1050 2659 der
1064 2607 1210 2676 Karthager.

137 2674 281 2739 gehoreude
293 2692 324 2725 eo
336 2712 343 2726 .
357 2713 364 2728 .
377 2713 383 2727 .
397 2678 502 2742 agitata
515 2701 548 2721 =
558 2668 650 2727 ‘Saud-
734 2690 800 2740 quor
817 2675 891 2738 finis:
913 2677 958 2727 aul
973 2678 1013 2726 ihi
1030 2692 1063 2728 zu
1081 2678 1210 2742 hezieheu,

138 2740 324 2794 wirbelsturm‘.
700 2743 750 2794 wic
764 2746 804 2807 14,
817 2747 832 2796 3
846 2760 898 2809 que
911 2747 940 2793 in
952 2749 1046 2809 parto.
1057 2784 1064 2794 .
1077 2749 1142 2812 nti,
1155 2748 1211 2799 aher

171 2815 195 2862 7.
225 2813 365 2877 aliquanto
394 2815 568 2876 posteriores:
605 2812 649 2863 der
700 2811 1210 2882 inlreiererWeise==ineoloooquonv

136 2877 303 2931 Uuterschied
328 2881 362 2930 ist
383 2879 521 2944 allerdings
539 2880 647 2931 ansehn·
698 2880 762 2943 finis
776 2885 905 2945 peterent.

136 2945 290 3012 lichgeuug.
313 2946 362 2997 ller
371 2946 437 3010 Weg
446 2962 497 2996 von
508 2946 647 2999 Philaenon
733 2948 782 3004 ed.
801 2951 823 3000 1.
844 2948 982 3000 Gaetulos:
1003 2950 1042 3012 18,
1055 2953 1085 3011 9;
1106 2954 1148 3017 19,
1160 2956 1183 3003 l.

136 3016 201 3067 Arae
219 3017 247 3078 (j.
267 3015 377 3078 lllulttar)
400 3015 439 3066 his
458 3014 586 3079 llarthago
605 3015 650 3066 he·
734 3019 757 3068 3.
776 3021 850 3081 regis
865 3018 976 3068 Bocchi:
995 3031 1015 3068 s.
1030 3020 1074 3086 te,
1086 3023 1111 3072 7.

138 3083 205 3149 traigt
229 3081 351 3148 heiliufig
373 3085 421 3135 180
441 3097 526 3148 geogr.
546 3081 648 3146 Meilcu,
729 3101 893 3150 pronomen:
913 3086 963 3136 wie
977 3087 1018 3147 35,
1031 3088 1057 3137 4.

137 3152 201 3202 nach
210 3152 308 3218 Cyrene
318 3164 400 3215 gegen
412 3152 443 3202 80
453 3165 539 3216 geogr.
547 3150 649 3204 Meilen.
734 3156 759 3205 4.
776 3154 818 3204 id:
843 3154 958 3219 beregen
981 3152 1027 3204 aui
1047 3156 1157 3221 inpellit
1173 3158 1212 3207 nti

138 3219 221 3271 Allein
244 3218 346 3269 sowohl
368 3218 409 3268 die
432 3218 512 3268 hierin
531 3217 649 3284 liegende
700 3223 749 3272 etc.

138 3287 176 3339 als
194 3287 260 3339 auch
278 3286 371 3338 andere
387 3284 650 3337 Uuwahrscheinlich·
735 3293 889 3353 cognatio:
909 3305 940 3341 zu
958 3291 1000 3352 54,
1012 3293 1036 3341 4.

137 3354 223 3407 keiten
251 3354 302 3406 und
326 3352 564 3418 Unmhglichkciten
593 3369 650 3404 ver·
731 3360 859 3420 pronius:
874 3374 923 3409 von
935 3356 1102 3423 Handlnngen
1115 3364 1210 3425 geeagt,

138 3424 234 3476 weisen
261 3423 302 3474 die
325 3422 471 3487 Ernihlung
497 3421 536 3472 ios
559 3421 650 3474 Gchiet
701 3423 741 3474 die
753 3423 807 3474 sich
820 3425 877 3476 dem
891 3426 993 3491 Erlolge
1005 3427 1141 3493 zuueigeu,
1159 3427 1211 3480 sich

138 3491 183 3544 der
201 3491 280 3557 Sage;
304 3492 355 3558 vgl.
380 3491 421 3543 die
442 3505 488 3542 ans
506 3489 554 3542 deu
572 3488 649 3542 Deut—
700 3506 753 3543 von
771 3492 852 3544 selbot
870 3493 991 3554 machen;
1009 3495 1173 3561 vgl.114‚l.

137 3560 216 3611 schen
230 3561 313 3625 Sagen
328 3560 371 3612 der
383 3559 479 3612 Brhder
492 3558 587 3611 Grimm
605 3558 649 3610 he·
735 3561 807 3625 quod
823 3564 884 3613 etc:
903 3562 947 3613 der
960 3563 1115 3628 eigentliche
1127 3562 1211 3617 Gruud

138 3626 235 3680 kannte
257 3629 402 3695 Erzaihluug
424 3623 480 3681 ‘der
504 3621 647 3680 Grenalaul’
701 3627 767 3694 lolgt
784 3634 835 3680 erst
852 3630 886 3680 im
905 3628 1051 3682 Neheneata
1070 3648 1153 3697 quarn
1165 3670 1173 3686 .
1185 3670 1209 3686 ..

139 3695 192 3757 (Nr.
211 3698 279 3761 257).
700 3697 902 3763 impediverant,
921 3697 959 3750 als
980 3713 1054 3750 wenn
1068 3700 1116 3753 das
1128 3701 1210 3754 Canac

173 3767 345 3816 conturbare:
377 3758 508 3817 ‘hrachteu
539 3764 648 3817 Verwir·
699 3765 725 3816 iu
738 3763 1022 3832 eugererVerhindung
1037 3767 1209 3837 hieleequod,

140 3846 205 3896 rung
222 3833 248 3882 io
264 3828 322 3884 -'.
699 3849 760 3886 oum
770 3834 891 3886 Bocchus
903 3870 910 3885 .
923 3871 930 3885 .
944 3872 950 3885 .
964 3836 1066 3899 legatos
1077 3837 1153 3891 dom.
1164 3840 1211 3890 ni·
