2498 4276
146 137 206 194 110
541 136 568 188 G.
586 133 741 190 stttvsrt
759 136 862 190 oursel

106 309 266 370 Samioitia
295 309 497 370 coniunxerat.
541 327 574 369 ea
603 316 775 387 tempestate
800 307 832 368 in
856 309 985 370 exercitu
1008 321 1119 372 nostro
1140 313 1218 374 fuere

141 395 308 475 complures
324 394 392 455 nuri
415 403 502 472 atque
524 393 652 463 nobiles,
676 392 784 471 quibus
799 393 914 454 divitiae
933 393 1015 456 bono
1031 396 1218 477 honestoque

139 479 271 559 potiores
287 487 385 551 erant,
409 479 521 540 factiosi
537 478 632 550 domi,
655 488 793 557 potentes
809 478 887 557 apud
903 480 1015 553 socios,
1039 481 1116 544 clari
1131 484 1216 564 magis

140 583 227 643 quam
249 564 383 639 honesti;
407 564 458 643 qui
479 564 637 643 Iugurthae
661 582 722 623 non
745 563 924 624 mediocrem
946 565 1081 627 animum
1106 568 1216 647 poilici-

137 651 228 711 taudu
244 648 455 722 accendebant,
471 649 495 710 si
505 649 626 729 Micipsa
637 667 690 708 rex
701 649 868 722 occidisset,
884 650 947 709 fore
959 650 1003 710 uti
1015 651 1100 713 scius
1115 653 1214 733 imperi

137 735 291 796 Numidiae
306 735 467 815 potiretur:
490 734 520 794 in
544 734 608 813 ipso
623 752 789 794 maxumam
810 733 966 807 virtutem,
988 735 1106 797 Romae
1121 738 1215 799 omnia

99 827 114 878 1
134 820 247 880 venalia
264 839 338 881 esse.
368 819 419 880 sed
440 826 596 898 postquam
613 819 770 879 Numantia
791 818 885 880 deleta
900 820 933 880 P.
946 819 1046 899 Scipio
1069 821 1213 885 dimittere

135 905 241 965 auxilia
257 913 285 966 et
301 905 363 984 ipse
379 904 487 964 revorti
503 905 622 964 domum
638 904 780 979 decrerit,
804 904 945 966 donatum
960 913 1049 983 atque
1065 906 1212 968 laudatum
1246 938 1248 947 ·

135 990 291 1068 magnifice
306 1008 360 1069 pro
383 990 524 1050 contione
539 989 710 1068 Iugurtham
725 989 756 1049 in
772 989 954 1068 praetorium
975 989 1102 1053 abduxit
1117 992 1212 1072 ibique

134 1085 250 1135 secreto
264 1075 395 1147 monuit,
417 1083 451 1134 ut
464 1074 564 1154 potius
577 1073 696 1154 publice
718 1091 806 1151 quam
822 1074 956 1154 privatim
979 1076 1141 1138 amicitiam
1161 1096 1211 1159 po-

133 1159 196 1238 puii
210 1160 337 1221 Romani
353 1159 464 1221 coleret
483 1178 542 1220 neu
558 1159 666 1238 quibus
680 1159 778 1238 largiri
794 1159 990 1221 insuesceret:
1013 1162 1210 1240 periculosae

133 1245 236 1323 paucis
250 1245 308 1305 emi
323 1245 404 1323 quod
418 1245 578 1305 multorum
594 1253 686 1306 esset:
709 1245 733 1306 si
748 1262 924 1323 permanere
938 1245 1025 1307 vellet
1040 1247 1073 1307 in
1090 1248 1152 1310 suis
1166 1265 1209 1308 ar·

132 1330 221 1403 dhus,
235 1331 315 1390 ultro
330 1330 371 1390 illi
383 1340 412 1391 et
426 1329 548 1409 gloriam
563 1338 593 1390 et
606 1348 732 1409 regnum
748 1339 920 1405 venturum;
937 1330 983 1391 sin
999 1332 1209 1412 properantius

95 1418 114 1474 9
132 1426 286 1494 pergeret,
302 1425 417 1477 suamet
430 1415 527 1495 ipsum
543 1416 670 1493 pecunia
685 1414 875 1494 praeeipitem
891 1433 1040 1477 casurum.
1071 1417 1116 1478 sic
1130 1419 1207 1480 locu-

93 1508 108 1559 ²
129 1509 177 1562 tus
201 1519 269 1561 eum
290 1501 395 1562 litteris
417 1518 501 1571 eum,
525 1518 597 1578 quas
618 1500 757 1579 Micipsae
778 1500 929 1574 redderet,
952 1500 1072 1563 dimisit.
1112 1521 1206 1564 eamn

131 1586 279 1646 sententia
292 1587 366 1646 haec
385 1595 463 1647 erat:
484 1577 657 1662 ‘Iugurthae
678 1585 721 1646 tui
745 1582 823 1645 bello
838 1585 1019 1647 Numantino
1042 1586 1135 1668 longe
1148 1605 1205 1649 ma·

129 1689 216 1731 xuma
231 1671 325 1732 virtus
347 1670 417 1743 suit,
440 1689 529 1749 quam
551 1688 614 1730 rem
637 1669 690 1731 tibi
713 1677 795 1730 certo
817 1670 879 1730 scio
894 1670 1001 1749 gaudio
1017 1690 1095 1734 esse.
1124 1672 1205 1734 nobis

129 1755 166 1815 ob
182 1757 285 1816 merita
301 1774 353 1817 sua
376 1774 462 1816 carus
484 1764 544 1828 est;
568 1764 601 1815 ut
616 1755 692 1816 idem
708 1755 824 1816 senatui
840 1765 870 1815 et
884 1754 995 1835 populo
1010 1755 1149 1821 Romano
1163 1758 1203 1832 sit,

129 1859 243 1902 summa
260 1860 316 1920 ope
333 1843 472 1901 nitemur.
505 1839 559 1901 tibi
582 1839 700 1919 quidem
723 1858 778 1919 pro
802 1847 902 1901 nostra
924 1840 1051 1902 amicitia
1067 1843 1203 1922 gratulor.

89 1934 104 1984 t
127 1944 165 1986 en
182 1926 272 1987 habes
287 1926 382 1985 virum
406 1925 526 2004 dignum
549 1934 578 1985 te
594 1933 682 2004 atque
697 1943 750 1984 aro
768 1944 823 1986 suo
838 1915 1007 1987 Masinissa?
1041 1927 1134 2004 igitur
1147 1946 1202 2001 rex,

128 2008 180 2070 ubi
210 2029 260 2081 ea,
290 2028 365 2088 quae
394 2011 469 2070 sama
492 2019 660 2089 acceperat,
688 2029 723 2071 ex
745 2010 849 2071 litteris
871 2011 1060 2090 imperatoris
1083 2013 1123 2074 ite
1144 2029 1203 2075 esse

128 2095 282 2174 cognovit,
305 2114 373 2155 cum
394 2095 501 2155 virtute
523 2104 585 2155 tum
608 2097 701 2174 gratia
723 2095 776 2155 viri
799 2106 951 2175 permotus
973 2096 1055 2157 flexit
1076 2098 1203 2160 animum

127 2246 167 2308 96,
177 2247 203 2307 4)
216 2247 312 2310 quibua
322 2247 412 2305 reden
425 2244 549 2311 ungesahr
562 2244 640 2295 eben·
691 2245 815 2308 mistiseh‚
838 2245 871 2296 im
890 2243 1034 2311 Gegeasate
1052 2262 1087 2300 zu
1103 2263 1203 2314 pernre-

128 2326 158 2362 so
176 2313 215 2362 oit
232 2312 313 2365 findet
331 2313 385 2364 sich
402 2313 437 2364 im
455 2312 515 2365 bell.
528 2313 581 2378 ing.
600 2312 641 2364 fiir
690 2328 755 2363 nere
777 2313 856 2363 ceilct
875 2317 905 2364 iri
930 2315 987 2364 eui:
1011 2313 1045 2378 (d.
1070 2314 1097 2368 h.
1124 2317 1204 2380 ὀοιιίε)

126 2377 202 2431 Dativ
214 2381 265 2433 und
278 2380 363 2433 Ablat.
381 2380 444 2432 aller
459 2381 640 2433 Geschlechter
691 2383 802 2446 artibus,
814 2381 855 2432 fdr
863 2381 1202 2452 malieartidue,rgl.15,l

126 2450 186 2512 quis
205 2449 256 2500 wie
275 2451 371 2515 quibua
388 2448 565 2515 engewendet.
689 2465 723 2500 aa
739 2466 767 2499 re
784 2449 868 2499 ulium
883 2455 1018 2516 poterent.

159 2516 187 2571 8.
209 2520 231 2570 1.
243 2519 320 2568 aovi:
333 2516 378 2569 der
387 2517 455 2568 Plur.
465 2532 541 2570 mese.
552 2516 636 2569 dieses
722 2516 752 2571 9.
771 2519 795 2571 2.
808 2518 892 2568 idere:
911 2517 976 2568 nach
990 2517 1147 2572 bekanntein
1159 2518 1203 2572 Ge·

124 2584 182 2649 Adj.
196 2585 397 2652 aispoiitischer
412 2583 637 2651 Begriffsubstan-
689 2584 785 2636 brauch
812 2585 857 2636 das
885 2584 996 2651 Subjelrt
1025 2585 1202 2651 aufnehrnend‚

125 2653 219 2713 tiviert,
232 2655 283 2706 wie
291 2654 334 2706 bei
344 2653 519 2706 Sall.stehend
528 2653 637 2717 nobiles,
688 2667 731 2704 um
743 2653 784 2704 ein
797 2668 876 2706 neues
888 2652 1010 2705 Pndite:
1021 2655 1089 2720 (hier
1100 2657 1202 2708 :mee

124 2721 175 2771 und
202 2721 257 2772 hier
284 2722 363 2773 demit
388 2722 549 2788 verbunden,
575 2721 637 2772 eber
687 2726 713 2772 et
728 2721 829 2787 populo
842 2719 961 2773 Romano
974 2725 1065 2789 corace)
1083 2722 1200 2777 hinem

123 2789 207 2840 ausser
219 2789 303 2843 dieser
317 2789 480 2856 Verbindung
497 2805 544 2841 nur
556 2791 598 2853 65,
608 2792 635 2849 5;
687 2788 773 2854 ingen.

124 2857 239 2923 dagegen
259 2861 313 2923 4,1
332 2861 449 2910 homines
465 2861 537 2909 noui.
725 2857 816 2922 longe:
844 2856 885 2909 die
911 2857 1010 2923 einzige
1037 2856 1134 2924 Stelle,
1161 2872 1200 2912 vo

157 2921 638 2985 factioeiz‘einiluisreich'vermittelst
690 2923 752 2977 Sall.
764 2925 805 2977 die
824 2925 866 2976 bei
879 2925 931 2979 Cic.
949 2925 1061 2991 doliche,
1080 2927 1144 2981 eber
1160 2940 1201 2994 ge-

125 2992 278 3058 deffectio,
296 2996 415 3046 wordber
430 3010 461 3046 zu
472 2995 525 3060 vgl.
545 2997 586 3058 31,
599 2995 638 3045 14.
688 2992 749 3045 rade
766 2993 793 3044 in
811 2991 856 3044 der
867 2991 1033 3061 Verbindung
1049 2994 1099 3047 mit
1109 3009 1201 3048 mocu-

124 3064 155 3115 15
175 3062 226 3113 nnd
244 3078 276 3113 zu
295 3065 337 3126 41,
349 3065 373 3115 6.
689 3077 749 3111 mue
770 3061 842 3113 nieht
864 3060 1062 3127 durehgeidhrte
1087 3062 1201 3117 rendr-

154 3135 287 3196 poteretes:
300 3125 635 3195 ‘allmdehtig',gegensrber
689 3128 760 3195 kung
786 3129 832 3181 des
855 3128 1002 3195 Superiativ
1027 3130 1201 3185 anznwenden

122 3197 172 3250 den
192 3199 389 3265 ohnmdchtigen
406 3201 480 3249 coeii.
686 3198 795 3258 beliebt;
813 3201 886 3249 sonst
902 3199 994 3260 multo,
1011 3198 1063 3251 wie
1082 3200 1164 3263 obt,
1178 3203 1199 3252 1.

152 3267 325 3318 mediocrem:
338 3267 391 3333 vgl.
405 3268 428 3328 6,
438 3267 463 3317 3.
481 3264 527 3316 Die
539 3265 635 3318 Litotes
715 3282 769 3332 pro
788 3305 794 3318 .
813 3302 819 3317 .
840 3303 846 3317 .
864 3269 996 3317 amicitia:
1014 3281 1048 3318 zu
1066 3269 1109 3333 11,
1129 3271 1151 3323 1.
1167 3295 1199 3307 -

120 3335 167 3386 mit
184 3351 239 3385 nore
258 3351 289 3386 zu
308 3335 441 3398 berritem
459 3350 490 3385 zu
504 3334 595 3396 Gat.3‚
610 3337 633 3386 1.
685 3339 793 3384 nosue:
810 3329 912 3385 ‘uasere
929 3332 1164 3400 persdnliehe‘.

152 3406 261 3469 irrepere:
280 3418 338 3454 zum
355 3401 437 3455 Kasus
454 3401 508 3468 vgl.
521 3405 562 3466 15,
575 3405 598 3454 2.
719 3403 744 3454 3.
763 3402 898 3464 beneficii:
920 3405 1038 3454 vincere:
1064 3403 1089 3456 d.
1109 3404 1134 3457 h.
1151 3402 1196 3455 den

153 3474 176 3523 2.
195 3472 314 3537 publice:
333 3470 411 3522 durch
425 3469 576 3522 Verdienste
591 3486 634 3522 um
684 3469 746 3536 lug„
764 3470 790 3520 in
808 3469 932 3521 welchern
945 3469 979 3522 M.
997 3472 1088 3524 seinen
1101 3468 1197 3524 Feind

118 3539 167 3591 den
180 3539 324 3591 rdmischeu
335 3538 421 3599 Stant:
434 3539 526 3591 danaus
535 3539 634 3605 ergiebt
685 3537 751 3590 sieht
768 3539 799 3602 (s.
818 3539 841 3602 6,
855 3539 871 3589 1
888 3537 928 3590 bis
947 3541 971 3604 ’1,
984 3540 1009 3604 1)
1021 3538 1075 3592 und
1088 3538 1196 3593 welche

119 3608 186 3672 sich,
205 3622 260 3659 was
275 3610 406 3673 privatim
424 3606 553 3659 bedeutet.
685 3605 776 3658 anders
805 3605 877 3657 nicht
905 3621 937 3658 zu
966 3606 1126 3674 bewiritigen
1154 3607 1193 3669 iet.

152 3675 312 3726 multorum:
337 3675 445 3728 admiich
469 3674 514 3727 des
535 3689 635 3742 gesem·
682 3666 772 3726 ‘durch
793 3673 1048 3740 Entgegenkommen
1070 3691 1120 3730 ans
1139 3675 1191 3728 de·

119 3748 162 3795 ten
180 3742 285 3795 Volkes.
686 3741 761 3793 Feide
774 3737 917 3808 sehiegen’.
946 3742 973 3794 ln
986 3742 1108 3797 :inderem
1120 3743 1192 3798 Sient

147 3814 342 3877 properantius
369 3815 503 3876 pergeret:
539 3811 634 3876 cupite·
687 3811 922 3876 102‚11.110‚5.
