2498 4276
331 122 373 174 DE
391 123 492 177 untho
511 120 666 176 lVGl'RTH.
702 123 729 174 G.
742 125 851 175 51-60.
1076 123 1135 181 173

53 315 134 375 equo
153 295 361 357 animadvortit
382 297 479 375 lugam
496 293 530 356 ad
547 315 578 357 se
594 313 711 356 vorsum
734 295 813 367 lieri,
837 313 912 374 quae
927 315 975 358 res
990 296 1138 359 indicabat

53 382 212 462 popularis
227 401 302 442 esse.
331 382 422 460 igitur
443 382 604 460 equitatum
622 399 740 441 omnem
756 381 791 441 ad
808 390 900 442 castra
917 400 1043 462 propere
1058 382 1138 444 misit
1160 391 1175 440 5

54 486 90 528 ac
113 467 213 528 statim
230 467 261 527 C.
278 467 400 528 Marium
423 485 491 527 cum
514 466 687 527 cohortibus
701 467 867 535 sociorum,
891 485 1017 545 eumque
1040 468 1137 528 lacru-

53 570 143 612 mans
165 571 220 632 per
243 552 399 612 amicitiam
422 569 536 631 perque
558 570 621 612 rem
644 549 790 631 publicam
816 551 965 625 obsecrat,
989 572 1026 614 ne
1050 571 1136 632 quam

55 637 270 698 coutumeliam
293 655 446 698 remanere
469 638 500 696 in
531 637 663 699 exercitu
684 636 795 697 victore
819 655 891 698 neve
914 638 1006 699 hostis
1029 638 1140 700 inultos

55 722 139 782 abire
157 722 243 782 sinat.
281 723 329 783 ille
345 722 425 783 brevi
447 722 584 783 mandata
607 721 706 782 efficit.
744 731 772 782 at
787 722 928 801 Iugurtha
951 724 1136 785 munimento
1161 731 1177 780 u

55 816 225 869 castrorum
247 807 419 886 impeditus,
443 826 510 868 cum
527 807 574 868 alii
592 825 684 886 super
698 807 804 867 vallum
819 809 1064 887 praecipitarent,
1088 810 1135 870 alii

55 893 87 953 in
112 893 258 972 angustiis
280 892 337 972 ipsi
359 892 414 953 sibi
436 901 631 972 properantes
654 893 824 967 officerent,
847 893 946 954 multis
968 895 1081 956 amissis
1104 895 1133 955 in

55 978 122 1039 loca
145 978 259 1038 munita
282 996 346 1039 sese
369 979 490 1058 recepit.
532 978 665 1039 Metellus
687 978 797 1038 iniecto
821 979 955 1058 negotio,
978 987 1136 1059 postquam
1162 988 1176 1036 t

57 1083 117 1124 uox
135 1064 245 1136 aderat,
262 1063 292 1123 in
309 1071 403 1124 castra
419 1082 485 1123 cum
502 1063 632 1123 exercitu
648 1063 815 1124 revortitur.

146 1148 240 1227 Igitur
250 1157 370 1228 postero
382 1148 438 1221 die,
448 1149 532 1228 prius
545 1166 633 1226 quam
645 1147 682 1208 ad
693 1146 927 1227 oppugnandum
940 1151 1140 1228 egrederetur,
1153 1151 1190 1207 59

56 1233 224 1312 equitatum
237 1251 355 1294 omnem
367 1233 397 1293 iu
412 1252 445 1294 ea
456 1243 550 1313 parte,
567 1250 624 1312 qua
639 1233 718 1310 regis
729 1233 870 1293 adventus
882 1244 954 1306 erat,
966 1252 1021 1313 pro
1037 1237 1140 1297 castris

57 1320 171 1397 agitare
188 1318 284 1390 iubet,
309 1326 409 1397 portas
424 1328 453 1380 et
469 1337 613 1398 proxuma
636 1319 700 1378 loca
716 1319 844 1378 tribunis
858 1318 1010 1397 dispertit,
1033 1320 1140 1382 deinde

56 1406 123 1484 ipse
140 1404 238 1483 pergit
252 1403 288 1464 ad
304 1403 446 1483 oppidum
465 1415 552 1482 atque
577 1404 618 1465 uti
633 1404 787 1482 superiore
809 1403 855 1463 die
870 1421 988 1465 murum
1005 1407 1140 1482 aggredi·

57 1498 117 1550 tur.
156 1489 276 1549 iuterim
298 1489 438 1568 Iugurtha
462 1508 498 1550 ex
517 1490 633 1550 occulto
655 1499 777 1568 repente
801 1498 919 1550 nostros
941 1489 1064 1564 invadit;
1089 1492 1140 1570 qui
1163 1496 1177 1545 2

57 1575 89 1635 in
107 1592 255 1654 proxumo
270 1574 357 1635 locati
373 1574 506 1647 fuerant,
528 1575 679 1654 paulisper
700 1574 795 1634 territi
817 1573 1048 1654 perturbantur,
1070 1577 1139 1636 reli-

58 1661 113 1740 qui
128 1660 188 1721 cito
203 1658 392 1721 subveniunt.
423 1678 520 1738 neque
536 1660 645 1721 diutins
660 1659 802 1720 Numidae
817 1660 954 1720 resistere
970 1661 1140 1737 quivissent,
1163 1663 1177 1713 3

58 1746 92 1807 ni
105 1745 221 1825 pedites
236 1763 304 1806 cum
320 1744 468 1822 equitibus
489 1745 626 1825 permixti
641 1762 776 1821 maguam
800 1743 911 1805 cladem
929 1745 958 1805 in
976 1763 1141 1824 congressu

58 1831 208 1905 facerent3
232 1830 340 1908 quibus
354 1829 396 1889 illi
412 1831 479 1891 freti
495 1849 574 1903 uon,
598 1831 639 1891 uti
656 1829 786 1906 equestri
801 1829 915 1908 proelio
932 1830 1022 1906 solet,
1046 1834 1139 1910 sequi,

59 1916 130 1976 dein
147 1917 266 1988 cedere,
290 1914 340 1977 sed
356 1914 486 1977 advorsis
502 1916 586 1994 equis
601 1932 791 1983 concurrere,
814 1915 956 1994 inplicare
972 1934 1006 1976 ac
1021 1926 1141 1995 pertur-

58 2001 132 2062 bare
148 2001 257 2073 aciem;
281 2000 318 2061 ita
335 2001 478 2078 expeditis
492 2000 641 2080 peditibus
659 2000 720 2061 suis
735 2001 828 2061 hostis
843 2018 937 2080 paene
952 2002 1045 2063 victos
1061 2002 1140 2063 dare.

60 2086 167 2146 eodem
190 2095 325 2165 tempore
340 2085 417 2165 apud
433 2086 548 2147 Zamam
573 2104 677 2165 magna
692 2086 719 2145 vi
735 2084 912 2147 certabatur.
950 2088 1000 2148 ubi
1017 2088 1142 2166 quisque
1156 2096 1194 2152 60

95 2241 122 2288 4.
139 2236 281 2302 popularia
305 2253 372 2287 esse:
399 2237 508 2289 nimlich
532 2239 579 2304 qui
630 2234 729 2287 marsch
749 2252 779 2287 zu
801 2242 926 2288 erwarten
948 2236 1020 2298 war’;
1047 2240 1142 2290 aduen-

60 2303 200 2370 fugereut.
631 2308 674 2354 tus
692 2305 742 2355 wie
760 2305 815 2356 Gai.
829 2308 897 2367 523
918 2307 1069 2370 descensus,
1089 2307 1142 2359 uud

97 2377 122 2425 5.
134 2374 222 2437 igitur
230 2375 378 2438 equitatum
386 2377 449 2425 etc:
459 2371 578 2424 Metellus
631 2371 683 2437 lug.
698 2375 754 2435 101,
769 2376 798 2426 11
812 2377 892 2425 uisus.

61 2440 181 2493 schickte
203 2438 244 2491 die
267 2440 391 2504 Reiterei,
414 2441 513 2492 welche
537 2441 578 2491 bei
666 2444 689 2494 3.
708 2440 855 2492 Numidae:
875 2441 988 2493 welcher
1006 2442 1107 2494 Kasus?

62 2510 110 2561 der
123 2508 284 2574 Belagerung
296 2508 455 2560 entbebrlich
470 2508 521 2560 und
534 2524 579 2560 zur
666 2511 818 2574 quivissent,
836 2513 867 2558 ui
879 2550 885 2561 .
899 2550 904 2560 .
919 2546 925 2560 .
941 2508 1077 2571 facerent:
1096 2511 1142 2562 das

61 2579 221 2641 Entsetzuug
249 2576 295 2629 des
319 2577 412 2642 Lageus
439 2591 479 2628 am
506 2581 579 2642 taug-
631 2576 704 2642 lmpl.
728 2578 761 2627 im
786 2576 940 2629 Vordersatz
967 2577 1011 2628 der
1034 2578 1141 2629 irrealen

62 2645 175 2697 lichsten
194 2659 261 2709 war,
284 2652 369 2696 zuerst
387 2644 447 2709 eilig
466 2645 509 2708 ab,
528 2645 579 2696 uud
632 2644 797 2711 hypothesis
810 2660 853 2695 um
866 2644 914 2695 deu
927 2644 1048 2709 Vorgang
1060 2646 1085 2696 iu
1098 2645 1143 2697 der

61 2713 124 2765 liels
141 2712 191 2763 deu
203 2710 298 2764 illarius
309 2713 358 2765 mit
370 2713 418 2764 den
432 2712 580 2779 Bnudesge·
631 2712 714 2763 Dauer
736 2712 798 2777 (vgl.
812 2714 853 2774 60,
866 2715 889 2766 3.
902 2713 928 2777 4)
952 2729 982 2763 zu
1007 2713 1142 2764 schilderu.

62 2779 287 2834 nossenltohorten
305 2781 345 2832 ihr
362 2781 408 2832 ani
429 2781 486 2832 dem
505 2782 581 2833 Foloe
632 2779 705 2831 Ohue
717 2779 885 2846 Bediuguog:
899 2787 953 2830 tum
966 2797 1028 2830 uero
1041 2782 1144 2832 diutim

64 2850 164 2914 tugen.
199 2847 420 2901 Wahrscheinlich
438 2849 515 2901 sollte
539 2848 581 2901 die
632 2847 766 2899 Numidae
777 2850 943 2910 restiterunt,
956 2850 1046 2914 quod.
1061 2889 1067 2900 .
1081 2888 1087 2901 .
1100 2849 1143 2911 sa-

64 2917 179 2969 Reitcrei
207 2918 251 2968 das
275 2916 357 2983 Lagei
378 2918 506 2981 umgehen
529 2918 580 2969 und
634 2919 747 2968 eiedaot.

64 2987 109 3037 die
134 2984 228 3035 Feinde
254 2984 303 3037 den
331 2986 467 3049 (uatdrlieh
496 2987 581 3053 spiter
666 2986 973 3051 pedites..,permiacti:
987 2984 1144 3036 diuelites

64 3052 282 3118 aukommenden)
301 3052 431 3105 Kohorten
453 3060 579 3120 eutgegeu
632 3069 664 3105 zu
682 3055 723 3116 46,
738 3057 761 3104 i.

64 3121 181 3180 treiben;
206 3121 251 3172 aui
272 3121 342 3173 diese
361 3120 447 3173 Weise
468 3137 523 3173 war
540 3123 581 3174 die
667 3123 798 3186 eupeditia
819 3123 965 3187 peditibus:
986 3118 1075 3172 ‘durch
1093 3121 1145 3172 An-

64 3190 235 3255 Ausiirhrung
257 3189 302 3241 des
320 3189 425 3242 Belehls
442 3207 476 3240 ue
500 3192 583 3242 torus
633 3190 763 3255 wendung
786 3190 854 3241 ihrer
877 3191 987 3242 leichten
1014 3189 1145 3256 Fulstrup-

65 3258 171 3310 inultos
188 3260 264 3308 abire
280 3262 353 3309 aiunt
369 3259 489 3325 mdglich.
633 3251 701 3325 peu'.
731 3258 780 3310 Iler
792 3259 849 3310 hbl.
862 3260 978 3311 instrum.
991 3275 1040 3311 von
1055 3258 1144 3309 Perso-

103 3328 187 3377 hoatia
215 3326 315 3377 inultos
341 3326 395 3380 di.
423 3328 505 3378 bosus
527 3345 582 3379 uon
634 3325 1144 3387 neu,wieerbeimilitir.Ausdrdclieu

65 3395 150 3458 ultus,
168 3409 218 3446 von
237 3394 332 3445 uleieei
348 3396 441 3457 (beaw.
455 3397 583 3447 ulciscere
634 3395 787 3447 vorkommt.

67 3467 111 3527 31,
125 3465 151 3529 8)
169 3463 195 3513 in
213 3462 257 3514 der
273 3465 346 3528 att
365 3463 583 3517 vorhommendeu
669 3465 747 3514 dore:
764 3456 1145 3528 Grnudbedeutung‘thiulstel-

67 3531 222 3596 Bedeutunq
240 3531 291 3582 und
311 3531 411 3584 Konstr.
428 3527 483 3583 ‘zur
499 3533 582 3584 Straie
635 3526 695 3595 len’,
714 3533 763 3582 wie
780 3531 806 3581 iu
821 3531 868 3582 deu
883 3531 991 3583 meisten
1004 3531 1146 3596 Composs.,

67 3595 183 3657 uieheu';
195 3613 224 3650 so
238 3601 303 3651 noch
318 3604 358 3664 iu,
371 3603 400 3660 4;
414 3602 470 3663 106,
484 3603 507 3653 6.
532 3603 583 3652 An·
634 3600 685 3664 vgl.
705 3600 801 3649 addere
822 3617 850 3649 ae
869 3601 909 3663 38,
927 3603 955 3660 5;
979 3601 1147 3650 circumdare

68 3668 130 3719 ders
148 3669 225 3731 31,t
242 3667 294 3719 und
313 3669 366 3719 Cat.
381 3670 428 3732 58,
441 3671 470 3721 tt
490 3663 583 3735 ‘unge
635 3670 783 3717 eucratium
801 3668 842 3730 25,
856 3669 883 3726 9;
903 3668 957 3719 hier
975 3668 1024 3718 wie
1036 3669 1147 3720 reddere

68 3733 167 3797 racht',
184 3735 236 3800 vgl.
250 3735 302 3786 Cat.
313 3739 354 3800 33,
367 3741 390 3790 5.
634 3736 680 3786 mit
698 3734 774 3802 dopp.
789 3735 858 3797 hcc,
878 3736 934 3787 eine
947 3735 992 3787 der
1004 3735 1146 3804 Umgangs·

106 3800 154 3856 bi).
169 3806 191 3854 1.
204 3818 257 3867 qua
269 3841 276 3857 .
290 3841 296 3855 .
310 3842 316 3856 .
330 3809 399 3856 erat:
413 3797 463 3856 ‘wo
477 3805 521 3857 der
531 3805 581 3857 An·
634 3803 741 3868 sprache
759 3808 940 3856 eutnommene
959 3803 1104 3870 Weodung.
