2498 4260
343 112 385 165 llll
403 111 505 166 BELLO
522 111 676 167 lVGVRTll.
713 112 739 166 G.
757 114 867 166 96-98.
1074 112 1133 170 217

59 286 108 348 sul
123 305 160 346 ex
174 286 274 347 multis
289 286 325 346 de
340 286 467 348 hostium
484 286 609 346 adventu
626 285 765 364 cognovit
780 295 809 345 et
819 285 875 364 ipsi
888 285 986 346 hostes
998 289 1133 363 aderaut3

61 384 91 434 et
113 373 197 450 prius
214 390 302 451 quam
318 372 464 432 exercitus
478 380 529 431 aut
542 370 650 432 instrui
666 379 716 430 aut
730 371 860 432 sarcinas
875 371 1027 446 conicere,
1051 373 1135 434 deni·

61 475 122 535 que
152 466 220 518 ante
248 475 335 535 quam
366 457 482 537 signum
509 465 559 516 aut
581 455 740 534 imperium
762 455 854 516 ullum
877 456 1011 535 accipere
1034 458 1135 535 quivit,

60 544 177 622 equites
191 543 284 602 Mauri
306 551 394 621 atque
411 541 541 615 Gaetuli,
565 560 625 602 non
649 541 712 601 acie
735 559 832 619 neque
855 541 915 601 ullo
931 559 1013 603 more
1029 544 1134 622 proeli,

59 629 112 690 sed
136 629 312 701 catervatim,
334 628 377 688 uti
393 645 527 705 quosque
549 627 612 687 fors
633 626 869 704 conglobaverat,
893 627 922 687 in
948 638 1066 689 nostros
1088 628 1134 689 in·

59 724 205 788 currunt;
229 714 280 791 qui
303 731 422 786 omnes,
445 712 552 790 trepidi
574 712 725 791 inproviso
747 723 828 772 metu
852 730 885 773 ac
907 720 1006 772 tamen
1022 713 1136 775 virtutis
1158 724 1173 772 i

59 816 218 872 memores,
241 809 291 860 aut
305 816 385 859 arma
400 797 558 876 capiebant
572 806 623 857 aut
637 798 781 875 capientis
795 798 868 858 alios
883 797 918 857 ab
935 796 1070 860 hostibus
1084 798 1134 859 de-

59 884 233 959 fensabant;
256 902 324 963 pars
346 902 438 961 equos
461 882 637 956 escendere,
660 883 776 943 obviam
799 883 842 943 ire
864 883 1013 959 hostibus;
1036 902 1135 963 pugna

59 970 216 1030 latrocinio
232 969 323 1048 magis
338 987 425 1046 quam
442 968 555 1048 proelio
570 968 673 1029 similis
687 969 767 1041 freri;
789 968 853 1029 sine
869 968 961 1045 signis
975 969 1040 1029 sine
1056 971 1135 1029 ordi·

60 1055 151 1116 nibus
163 1055 277 1133 equites
288 1054 459 1134 peditesque
470 1055 607 1133 permixti
618 1053 725 1114 cedere
737 1052 786 1113 alii
797 1053 845 1113 alii
858 1054 1039 1128 obtruncari,
1052 1055 1136 1115 multi

60 1149 165 1201 contra
181 1141 319 1201 advorsos
333 1157 487 1200 acerrume
502 1147 670 1218 pugnantes
685 1138 721 1198 ab
737 1147 820 1216 tergo
836 1138 1059 1214 circumveniri;
1083 1160 1136 1201 ne·

60 1244 120 1304 que
142 1227 234 1286 virtus
257 1243 354 1304 neque
376 1243 458 1285 arma
472 1226 542 1286 satis
557 1234 673 1304 tegere,
696 1224 763 1302 quia
779 1224 879 1284 hostes
895 1242 1019 1284 numero
1035 1224 1136 1303 plures

60 1322 91 1371 et
112 1311 245 1389 undique
268 1310 438 1371 circumfusi
461 1319 560 1385 erant;
583 1310 712 1387 denique
727 1309 853 1369 Romani
876 1318 988 1369 veteres
1004 1319 1031 1369 et
1047 1309 1085 1369 ob
1102 1329 1135 1371 ea

60 1396 190 1458 scientes
203 1396 288 1470 belli,
311 1396 335 1457 si
350 1414 426 1474 quos
441 1395 523 1456 locus
539 1404 590 1455 aut
604 1413 689 1456 casus
705 1394 915 1462 coniunxerat,
931 1394 1013 1455 orbis
1028 1396 1134 1469 lacere,

59 1491 150 1559 atque
172 1483 210 1542 ita
233 1479 270 1540 ab
293 1479 432 1541 omnibus
454 1480 588 1560 partibus
610 1480 698 1541 simul
719 1480 788 1540 tecti
811 1489 840 1540 et
855 1480 990 1540 instructi
1007 1479 1133 1541 hostiurn

59 1567 118 1628 rim
130 1565 343 1628 sustentabant.
366 1584 464 1644 neque
476 1566 506 1626 in
519 1586 554 1627 eo
569 1574 628 1626 tam
641 1583 747 1644 aspero
760 1565 879 1644 negotio
890 1564 1000 1625 Marius
1014 1565 1134 1626 territus
1149 1570 1187 1628 08

60 1662 112 1712 aut
133 1653 225 1731 magis
249 1670 336 1730 quam
358 1661 443 1712 antea
460 1651 701 1729 demissaanimo
717 1651 788 1721 fuit,
811 1651 860 1710 sed
877 1667 944 1710 cum
960 1661 1056 1711 turma
1073 1669 1135 1723 sua,

60 1755 149 1817 quam
166 1757 201 1798 ex
215 1737 393 1798 fortissumis
408 1737 500 1815 magis
512 1755 599 1816 quam
610 1736 852 1796 familiarissumis
863 1744 1023 1815 paraverat,
1041 1736 1136 1814 vagari

59 1824 169 1904 passim
185 1841 219 1882 ac
233 1822 321 1882 modo
337 1821 540 1884 laborantibus
554 1823 615 1883 suis
630 1838 819 1899 succurrere,
842 1819 931 1903 quo
953 1820 1060 1894 hostis,
1083 1821 1135 1881 ubi

10 1974 14 1979 ,
60 1907 280 1969 confertissumi
303 1907 493 1980 obstiterant,
517 1907 670 1982 invadere;
692 1924 782 1966 manu
804 1905 962 1966 consulere
984 1905 1133 1973 militibus,

60 1994 202 2071 quoniam
231 1995 376 2072 imperare
399 1993 582 2054 conturbatis
604 1991 744 2053 omnibus
767 2010 826 2051 non
850 1999 975 2069 poterat.
1020 1992 1136 2070 iamque
1159 2002 1173 2050 2

60 2079 122 2140 dies
138 2088 333 2158 consumptus
348 2087 424 2152 erat,
448 2096 514 2138 cum
536 2089 635 2138 tamen
651 2076 768 2137 barbari
784 2076 857 2136 nihil
871 2076 1023 2137 remittere
1038 2087 1135 2156 atque,

59 2233 139 2282 centu
156 2230 282 2279 tubarum
299 2266 306 2280 .
326 2265 333 2279 .
352 2230 485 2280 .aderant
495 2231 572 2278 00011-
657 2225 706 2281 98.
717 2230 739 2280 l.
750 2232 840 2278 turma
849 2243 910 2277 sua:
921 2225 1135 2294 desselbellorps,

58 2313 167 2349 soranos
183 2300 212 2347 in
231 2299 367 2349 barbaros.
624 2294 708 2346 wolin
720 2296 831 2347 nacbber
848 2295 888 2346 die
901 2294 1082 2361 Bezeicbnung
1094 2313 1136 2346 oo·

92 2366 200 2417 consul:
242 2367 324 2417 einem
360 2364 426 2416 auch
461 2362 571 2415 anderen
624 2365 687 2413 bore
707 2366 845 2430 praetoria
864 2363 950 2415 fiblieb
973 2364 1006 2414 ist
1024 2367 1064 2429 (zu
1082 2364 1135 2415 Cat.

58 2431 570 2499 Schriftstellerngeldufigenungenauen
624 2433 665 2494 60,
679 2434 716 2497 5),
740 2432 785 2484 das
803 2432 857 2483 sich
876 2432 921 2482 der
939 2431 1059 2483 feldberr
1071 2433 1135 2483 neeb

57 2501 287 2568 Spracbgebraucb
310 2501 413 2567 zulolge
433 2499 495 2551 wird
518 2500 572 2550 hier
623 2497 759 2551 Beuorfnis
782 2499 833 2550 und
858 2497 978 2550 Belieben
998 2500 1022 2549 in
1045 2499 1136 2551 Stdrlie

56 2572 109 2622 wie
120 2573 179 2631 100,
188 2571 218 2631 3;
233 2572 325 2632 102,1;
338 2571 395 2635 103,
406 2572 433 2631 43
444 2567 495 2620 und
505 2568 571 2619 nocb
623 2568 675 2619 ond
684 2567 853 2630 Bewaflnung
862 2582 919 2618 zum
933 2566 1044 2618 Sebutze
1053 2568 1137 2618 seiner

57 2640 147 2702 109,2
165 2637 259 2690 Marius
277 2638 374 2690 Konsnl
392 2640 516 2704 genannt3
539 2652 571 2687 zu
623 2634 719 2687 Person
739 2650 784 2686 aus
803 2633 912 2685 Romern
938 2634 1041 2685 bildete.
1077 2634 1136 2685 Hier

54 2710 99 2770 35,
119 2709 144 2758 3.
623 2702 731 2755 bestand
744 2718 780 2765 cs,
793 2703 842 2751 wie
855 2702 890 2752 im
901 2702 1137 2753 Ausdrucliiurma

90 2779 118 2829 5.
131 2775 281 2826 escendere:
295 2773 386 2826 anders
396 2772 433 2825 als
443 2772 489 2823 das
499 2775 572 2823 sonet
623 2772 694 2835 liegt,
707 2786 754 2821 nur
766 2785 812 2821 ans
824 2769 936 2832 Reitern,
955 2771 1004 2820 wie
1017 2785 1044 2821 es
1057 2770 1136 2822 Feind

52 2843 255 2912 gebrducbliobe
282 2842 452 2901 adicendcm
476 2839 573 2892 Sallust
623 2839 675 2891 und
710 2837 952 2904 Kriegsscbanpletz
987 2838 1135 2902 begreiflicb

52 2912 114 2964 will
127 2926 206 2976 sapen
218 2905 412 2977 ‘einigeliarnen
422 2910 499 2970 (trotz
510 2907 574 2958 aller
623 2907 730 2959 macben
750 2906 801 2958 und
820 2906 884 2958 auch
903 2922 960 2957 zum
980 2911 1064 2958 ersten
1077 2905 1136 2972 blal,

51 2979 224 3034 Hindernisse
251 2978 302 3030 und
329 2979 354 3029 in
382 2977 481 3042 grosser
507 2974 572 3040 Eile)
623 2974 654 3026 de
677 2991 728 3026 von
752 2975 823 3025 einer
844 2974 1003 3026 besondercn
1031 2974 1135 3026 Scbntz·

50 3046 189 3117 gldckliob
208 3047 253 3098 aul
268 3047 309 3099 (11(
327 3036 442 3098 Plerde'.
622 3044 712 3095 wecbe
730 3043 775 3094 des
793 3041 929 3094 Fcldherrn
953 3043 993 3094 die
1012 3041 1080 3094 Rede
1102 3043 1137 3094 ist

89 3116 186 3166 cedere
203 3116 263 3166 alii:
282 3115 323 3167 die
336 3113 414 3180 folge
432 3128 496 3177 war,
514 3112 570 3163 defs
621 3112 779 3177 (derjenigen
803 3108 849 3163 des
873 3111 976 3164 dltern
1001 3111 1088 3177 Scipio
1110 3112 1136 3162 in

51 3185 129 3238 diese
152 3183 312 3249 nubebelligt
335 3183 419 3235 daron
439 3181 570 3238 hommem
621 3179 729 3244 Airita),
748 3179 792 3230 der
810 3179 863 3230 Fall
888 3196 948 3233 war.

51 3255 109 3305 alii
120 3254 202 3303 obtin:
220 3252 277 3304 sind
292 3251 445 3317 diejenigen,
463 3250 505 3302 (11(
516 3248 571 3302 sicb
656 3246 898 3309 familiarissumis:
916 3264 947 3298 zu
966 3251 1007 3310 64,
1020 3251 1044 3300 4.

51 3337 102 3373 zur
127 3319 206 3371 Webr
227 3324 341 3385 sctzlen,
369 3334 411 3370 wo
437 3319 475 3371 sie
502 3324 571 3370 stan·
657 3319 828 3367 obstiterant:
852 3319 1036 3378 0000011010,
1059 3314 1137 3366 daber

51 3390 116 3448 den,
129 3387 182 3439 und
195 3388 240 3440 auf
250 3388 294 3440 der
306 3388 442 3440 Defensive
456 3387 571 3445 blieben;
623 3385 671 3437 mit
681 3386 726 3436 der
736 3384 887 3451 Bedeutung
897 3385 967 3436 eines
976 3381 1136 3448 lmperfelrts.

50 3456 138 3508 multi
221 3458 424 3508 circumueniri:
441 3471 492 3507 ron
511 3457 572 3508 den·
657 3469 753 3504 manu:
775 3448 863 3504 ‘durch
883 3453 1057 3519 persdnlicbes
1079 3449 1137 3501 Ein-

48 3526 163 3591 jenigen
181 3530 280 3591 gesem,
293 3526 391 3576 welche
404 3522 508 3575 Terrain
527 3539 573 3590 ge·
623 3517 744 3588 greilen’3
762 3521 815 3586 rgl.
834 3536 878 3571 zur
896 3519 978 3571 Saclre
996 3522 1037 3582 85,
1050 3522 1090 3570 ll.

53 3592 181 3644 wlnnend
199 3593 234 3643 im
247 3592 352 3645 Rtlclien
371 3594 437 3644 ohne
449 3591 573 3656 lleclsung
658 3591 825 3639 conturbatio
838 3591 970 3638 omnibus:
982 3587 1041 3639 Abl.
1054 3585 1136 3640 absol.

51 3662 171 3714 blieben.
659 3661 683 3710 2.
708 3671 767 3707 cum
790 3661 890 3706 temen:
918 3657 943 3706 in
973 3655 1137 3720 Verbindnng

92 3731 179 3780 orbis:
217 3729 396 3782 militdriscber
431 3728 573 3780 llunstaus·
625 3727 671 3776 mit
684 3725 739 3776 dem
752 3724 798 3775 lnl.
812 3725 870 3776 bist.
886 3740 932 3775 nur
945 3724 999 3775 bier
1011 3724 1053 3774 bei
1065 3721 1137 3785 Sall,

54 3797 141 3850 druck
158 3790 288 3850 ‘Kndnel’.
627 3793 678 3845 und
690 3797 763 3845 sensi
775 3807 839 3859 ganz
852 3793 1004 3854 vereinzeli;
1017 3791 1062 3843 der
1077 3790 1137 3843 Satz
