2498 4260
128 106 167 164 58
505 108 531 160 G.
550 106 705 161 SALLVSTl
724 106 826 160 CRISPl

89 295 105 343 5
126 285 191 343 surn
204 292 332 343 secutus.
356 282 440 361 plura
454 300 522 342 cum
538 281 667 342 scribere
684 281 798 355 vellem,
815 280 984 341 nuntiatum
999 292 1043 341 est
1057 282 1117 342 vim
1134 281 1209 343 mihi

88 379 103 428 6
127 367 234 445 parari.
266 386 346 428 nunc
363 366 527 428 Orestillam
544 367 721 428 commendo
744 378 870 444 tuaeque
887 365 953 426 fidei
969 368 1066 443 trad0;
1090 385 1157 427 eam
1170 367 1207 428 ab

11 459 30 567 l
127 452 234 512 iniuria
250 453 401 524 defendas,
417 470 471 532 per
485 452 596 513 liberos
611 455 684 513 tuos'
693 463 823 529 rogatus.
853 447 975 511 bavato?

75 535 114 590 36
217 536 272 598 Sed
297 538 359 616 ipse
381 556 492 616 paucos
515 537 576 598 dies
599 545 797 597 commoratus
818 536 896 617 apud
919 535 949 599 C.
974 536 1153 597 Flaminium
1176 537 1208 598 in

128 641 199 700 agro
216 624 364 696 Arretino,
388 624 456 684 dum
473 623 650 683 vicinitatem
668 633 753 682 antea
769 621 952 683 sollicitatam
967 622 1055 682 armis
1071 633 1208 696 exornat,

128 725 195 767 cum
218 707 346 769 fascibus
368 719 456 787 atque
476 707 538 769 aliis
554 708 659 786 imperi
674 707 841 785 insignibus
855 708 885 767 in
903 716 996 767 castra
1011 708 1046 768 ad
1062 707 1208 768 Manlium

89 800 104 848 2
125 793 286 853 contendit.
317 795 389 854 haec
406 792 455 855 ubi
471 794 582 854 Romae
599 802 750 872 comperta
764 802 844 865 sunt,
867 804 987 853 senatus
1003 792 1157 853 Catilinam
1172 803 1209 855 ‘et

128 877 269 938 Manlium
294 879 388 940 bostis
410 879 533 952 iudicat,
557 889 671 938 ceterae
694 877 874 938 multitudini
897 877 973 937 diem
996 877 1113 951 statuit,
1138 888 1208 939 aute

128 981 216 1040 quam
229 963 293 1024 sine
308 965 410 1024 lraude
425 964 527 1025 liceret
542 963 578 1024 ab
594 963 682 1024 armis
698 963 859 1036 discedere,
875 973 993 1041 praeter
1008 981 1106 1023 rerum
1126 964 1207 1042 capi-

91 1059 105 1106 a
128 1048 228 1108 talium
250 1049 463 1110 condemnatis.
498 1061 651 1128 praeterea
673 1049 815 1121 deceruit,
840 1049 881 1108 uti
905 1049 1043 1109 consules
1065 1048 1208 1109 dilectum

126 1134 264 1204 babeant,
286 1135 433 1194 Antonius
448 1153 516 1195 cum
532 1135 662 1195 exercitu
679 1133 831 1194 Catilinam
847 1133 987 1212 persequi
1002 1142 1141 1207 maturet,
1158 1133 1206 1196 ci-

128 1236 197 1279 cero
215 1219 281 1279 urbi
297 1219 443 1298 praesidio
459 1219 505 1280 sit.

90 1313 105 1362 4
212 1304 252 1364 Ea
281 1314 455 1383 tempestate
481 1304 552 1364 mibi
575 1303 731 1384 imperium
755 1303 857 1383 populi
878 1303 1003 1363 Romani
1027 1304 1120 1364 multo
1144 1323 1208 1378 ma·

127 1408 214 1449 xume
237 1388 401 1450 miserabile
424 1390 518 1451 visum
543 1400 596 1451 est.
627 1389 674 1449 cui
697 1408 764 1450 cum
788 1389 823 1449 ad
846 1407 981 1448 occasum
999 1388 1036 1449 ab
1052 1400 1121 1450 ortu
1137 1389 1207 1451 solis

128 1475 225 1535 omnia
249 1474 358 1535 domita
380 1476 468 1536 armis
490 1483 639 1554 parerent,
663 1474 741 1534 domi
765 1474 858 1535 otium
877 1484 965 1552 atque
981 1474 1105 1548 divitiae,
1132 1492 1207 1552 quae

127 1561 220 1639 prima
237 1561 374 1620 mortales
389 1572 506 1640 putant,
529 1559 703 1632 alluerant,
726 1561 808 1619 luere
824 1569 922 1619 tamen
939 1559 1023 1631 cives,
1047 1559 1098 1638 qui
1114 1577 1207 1638 seque

89 1654 104 1702 5
118 1663 248 1730 ¹remque
260 1645 407 1726 publicam
420 1645 574 1707 obstinatis
588 1644 694 1706 animis
707 1645 855 1724 perditum
870 1645 957 1704 irent.
989 1662 1117 1723 namque
1133 1647 1207 1706 duo-

160 1767 184 1813 5.
201 1764 283 1822 ptura
299 1770 361 1814 etc:
382 1763 423 1815 die
436 1761 525 1813 Worte
542 1762 640 1825 zeigen
693 1764 721 1810 ie
732 1762 842 1811 bootis
852 1761 1123 1824 vocaretur‚lenitate
1133 1762 1208 1812 verbi

127 1828 181 1880 dals
194 1829 266 1881 Catil.
277 1829 364 1882 diesen
376 1829 447 1882 Briel
458 1832 525 1882 nocb
537 1831 563 1881 ln
576 1828 641 1881 Rom
692 1832 734 1880 rei
760 1830 899 1879 tristitiam
925 1831 1093 1893 mitigatam
1122 1829 1206 1880 lao'stis

127 1897 293 1962 gescbrieben
312 1899 391 1952 batte.
692 1900 762 1947 enim
781 1898 854 1962 apud
870 1899 986 1947 maiorer
1002 1901 1108 1947 nostroe
1126 1899 1151 1946 ie
1168 1898 1208 1948 di-

160 1967 183 2016 6.
203 1968 355 2017 commendo
369 2006 375 2018 .
389 2006 395 2019 .
409 1966 499 2017 trado:
519 1965 640 2028 habenje
693 1967 802 2016 cebatur
828 1981 904 2028 quam
933 1980 1005 2014 nunc
1033 1968 1208 2028 peregrinum

126 2033 167 2084 ein
186 2033 596 2099 gemeinschaftlichesSatzglied
614 2034 640 2084 in
693 2035 806 2085 dicimus
832 2036 871 2096 (so
899 2035 925 2084 in
953 2032 1001 2084 den
1023 2032 1067 2084 llll
1091 2032 1206 2093 Talelnt:

127 2102 324 2166 anapboriscber
342 2101 460 2166 Stellung
485 2103 525 2152 bei
543 2102 606 2152 sich.
693 2117 854 2167 quamquam
866 2102 896 2152 id
907 2117 1002 2152 nomen
1014 2101 1110 2152 durius
1120 2103 1209 2165 effecit

161 2171 267 2219 baucio:
293 2171 380 2234 (ilaec
406 2168 520 2235 hiufiger
546 2168 642 2235 Begrir-
692 2172 747 2220 iam
770 2174 903 2232 oeiuoiaa,·
931 2186 947 2220 a
970 2172 1114 2234 peregrino
1138 2173 1209 2220 enim

128 2239 233 2300 lsungs-
257 2236 323 2289 denn
345 2237 591 2302 Abscbiedslormel‚
614 2239 640 2287 in
692 2241 801 2289 recessit
813 2243 839 2287 et
848 2242 960 2304 proprie
971 2239 1002 2287 in
1014 2254 1051 2299 eo,
1071 2239 1119 2303 qui
1131 2254 1207 2289 arma

127 2306 238 2355 welches
266 2307 353 2357 valere
383 2306 563 2372 gebrauchlicb
592 2306 640 2365 iet;
693 2312 788 2357 contra
800 2304 894 2371 ferret,
912 2309 1049 2357 remansit.
1084 2305 1208 2358 Gleicben

126 2373 234 2424 beacbte
253 2373 306 2424 bier
324 2374 413 2427 zudem
437 2373 482 2425 das
500 2373 595 2425 Patbos
613 2375 640 2424 in
693 2374 819 2426 Stammes
837 2375 883 2424 mit
904 2377 1009 2424 boo-tis
1032 2375 1066 2424 ist
1091 2377 1208 2440 boe-poa

127 2441 171 2491 der
188 2438 263 2491 Form
281 2442 326 2492 aul
342 2448 389 2494 ·to.
692 2443 743 2494 und
756 2443 802 2494 das
815 2441 939 2493 deutsche
948 2447 1032 2507 gna-t,
1047 2442 1161 2494 welches
1173 2444 1207 2495 im

160 2508 208 2564 36.
229 2513 250 2561 1.
271 2510 297 2563 C.
309 2511 489 2562 Flaminium:
508 2509 580 2560 wohl
598 2509 640 2561 ein
692 2509 760 2562 lllbd.
782 2510 848 2561 auch
867 2509 946 2561 Feind
970 2510 1020 2561 und
1039 2508 1146 2576 llrieger
1166 2513 1207 2563 be·

127 2575 300 2629 Sullaniscber
318 2579 429 2631 Veteran
448 2578 497 2630 wie
516 2579 639 2641 Manliae,
691 2577 788 2630 deutet.

126 2661 175 2696 von
195 2645 252 2696 dem
272 2647 316 2698 das
335 2664 366 2699 zu
391 2647 523 2699 bericbten
542 2645 640 2698 Sallust
726 2653 827 2697 ceterae
848 2647 1029 2696 multitudini:
1054 2647 1088 2697 im
1107 2645 1208 2713 Gegen-

126 2713 251 2764 ebenialls
269 2716 429 2767 unterlassen
448 2716 499 2778 hat,
517 2731 548 2766 zu
563 2717 604 2776 24,
624 2718 639 2766 2
691 2723 746 2766 sata
765 2730 795 2765 aa
814 2714 864 2765 den
888 2714 1068 2765 ausdrficlilich
1087 2714 1206 2767 Genaun-

126 2782 176 2832 und
199 2784 240 2841 27.
260 2787 282 2836 1.
692 2790 745 2848 ten,
761 2781 811 2833 wie
828 2784 870 2846 ta,
891 2786 918 2843 l;
941 2784 992 2847 vgl.
1011 2799 1043 2833 zu
1060 2781 1114 2848 lug.
1127 2786 1171 2848 92,
1183 2787 1207 2836 5.

159 2851 301 2901 Arretino:
331 2868 382 2902 von
408 2850 549 2913 Arretium,
572 2852 640 2915 jetct
724 2848 906 2910 einefraude:
925 2854 1005 2902 sebon
1023 2852 1049 2901 in
1066 2851 1209 2904 denzwlill

124 2920 233 2981 Aream,
253 2920 278 2968 in
297 2918 491 2978 Nordetrurien.
511 2921 525 2971 8
545 2919 638 2969 Meilen
691 2918 781 2970 ‘l'aleln
800 2919 1000 2970 vorliommende
1012 2919 1207 2984 publizistisebe

126 2987 234 3037 sudbstl.
248 3003 299 3038 von
312 2986 447 3039 Florentia.
471 2986 520 3038 Der
533 2987 639 3038 nienste
692 2987 799 3048 Formel
811 2989 862 3052 vgl.
874 2987 925 3038 Cic.
938 2985 1004 3037 Phil.
1018 2989 1042 3050 8,
1055 2989 1100 3039 33:
1113 3004 1207 3039 eorum

126 3052 192 3116 Weg
202 3054 279 3105 dabin
289 3055 372 3106 lubrie
383 3055 428 3106 aul
436 3057 531 3106 denaia
540 3055 638 3109 Caesia.
691 3058 738 3121 qui
756 3071 815 3106 cem
832 3055 868 3106 M.
886 3056 1005 3105 Antonio
1026 3060 1091 3106 runt
1108 3059 1158 3121 qui
1174 3058 1206 3107 ab

126 3122 197 3174 Catil.
213 3138 265 3173 war
278 3126 339 3174 aber
349 3124 394 3174 aul
401 3122 446 3174 der
455 3139 496 3174 am
506 3121 576 3174 llleer
584 3130 639 3174 ent-
691 3127 776 3174 crinis
788 3125 958 3174 discesserint
969 3127 996 3172 et
1007 3153 1039 3161 —
1051 3125 1089 3175 cd
1101 3124 1129 3177 C.
1145 3126 1207 3176 Gee-

125 3192 186 3255 lang
203 3191 338 3243 lausendeu
362 3194 407 3242 vic
423 3192 537 3241 Aurelia
561 3192 639 3256 abge·
690 3208 777 3242 sarem
788 3198 976 3257 propraetore
987 3193 1206 3245 anielduaMar·

125 3259 188 3310 aelst
212 3261 261 3310 und
286 3261 355 3310 batte
379 3261 405 3311 in
429 3258 520 3310 Forum
543 3259 639 3309 Aurelii
691 3263 743 3311 tiae
757 3263 862 3325 privans·
880 3261 1008 3322 adierint,
1027 3264 1065 3310 eia
1082 3258 1206 3321 fraudi

124 3331 202 3386 (etwa
229 3332 259 3381 13
284 3328 376 3378 llleilen
395 3343 446 3378 von
471 3326 545 3390 Rom)
568 3327 639 3378 scine
690 3345 729 3378 ne
754 3333 815 3391 ait,
843 3329 915 3392 quod
942 3344 1001 3378 curn
1028 3329 1063 3381 M.
1085 3332 1206 3381 Antonio

92 3405 94 3410 ·
125 3395 387 3460 vorausgescbicltten
405 3394 537 3446 Genosseu
562 3409 639 3460 ange·
690 3394 802 3457 fuerint.

125 3462 228 3524 trollen;
253 3465 305 3529 vgl.
329 3464 380 3515 Cic.
399 3463 452 3514 Cat.
472 3467 494 3526 l,
514 3465 553 3515 24.
572 3465 596 3526 2,
615 3466 638 3515 6.
723 3469 843 3529 praeter:
856 3464 1049 3526 adverbial‚das
1061 3464 1134 3533 Ptcp.
1146 3482 1207 3518 con·

159 3534 182 3583 3.
202 3535 296 3583 itastis:
320 3532 342 3583 d.
357 3533 381 3584 b.
404 3532 444 3582 liu
468 3532 569 3594 solebe‚
592 3533 638 3582 mit
691 3533 821 3583 demnatia
839 3533 1042 3585 substantiviert.

127 3600 240 3650 welchen
261 3616 318 3651 man
336 3616 385 3651 von
400 3599 577 3665 Stratswegen
595 3599 641 3650 aul
724 3603 748 3653 4.
768 3601 937 3651 odoacarem
949 3604 1068 3651 abortu:
1082 3605 1207 3667 gesucbte

125 3666 266 3730 Kriegsluls
281 3669 357 3720 steht.
392 3667 451 3733 Vgl.
465 3669 528 3719 dazu
543 3668 593 3718 Cic.
606 3667 638 3719 de
690 3667 852 3734 Umstellung
870 3671 915 3720 der
932 3670 1128 3733 gewobnlicben
1149 3671 1207 3723 Rei·

125 3733 263 3798 off.1,37:
282 3738 475 3799 aariancdcerto,
493 3737 571 3802 quod,
591 3739 640 3801 qui
690 3736 818 3796 benlolae.

123 3807 236 3869 proprio
248 3809 353 3855 nantino
359 3822 419 3869 per
431 3805 637 3867 duciiieerset,
722 3807 859 3871 perditum
872 3807 954 3856 irent:
975 3803 1037 3857 Sall.
1055 3809 1209 3861 verweudei
