2498 4276
118 128 156 187 48
496 127 521 179 C.
541 126 698 180 SALLVSTI
716 125 818 178 CRlSPl

116 302 250 381 Apuliam
267 300 386 375 dimisit,
402 310 553 380 praeterea
571 302 660 361 alium
675 300 742 374 alio,
759 318 846 377 (poem
863 299 972 378 ubique
989 318 1080 379 oppor

80 398 93 448 2
115 386 171 448 sibi
186 388 250 447 lore
274 387 420 448 credebat.
451 388 563 447 interea
580 387 690 447 Romae
713 386 804 445 multa
826 385 914 445 simul
935 385 1049 448 moliri:
1075 386 1079 444 l

116 471 247 547 tendere,
264 491 367 552 parare
383 472 527 545 incendia,
551 480 719 552 opportuna
741 472 804 531 loca
820 470 938 530 armatis
953 471 1079 530 hominil

107 557 229 632 sidere3
252 559 315 637 ipse
331 576 399 619 cum
414 558 473 618 telo
491 576 565 631 esse,
582 559 651 618 item
667 557 739 616 alios
754 557 868 627 iubere,
890 555 1002 616 hortari
1018 557 1061 616 uti
1078 585 1079 615 i

116 642 223 703 intenti
240 643 393 722 paratique
409 651 522 716 essent;
545 643 607 703 dies
623 642 779 720 noctisque
795 641 934 703 festinare
949 641 1079 720 vigilare,

119 728 275 790 insomniis
291 747 389 808 neque
405 728 506 789 labore
522 727 647 807 fatigari.

78 822 93 872 3
200 814 365 887 Postremo,
389 814 440 874 ubi
464 814 555 873 multa
569 813 692 892 agitanti
707 813 779 873 nihil
802 812 943 890 procedit,
966 830 1071 872 rursus

119 907 199 977 pasta
228 908 316 959 nocte
346 899 559 960 coniurationis
588 899 740 978 principes
770 906 913 958 convocat
934 898 970 957 ad
992 896 1030 956 M.
1055 898 1078 957 P

79 995 94 1044 4
118 982 251 1056 Laecam,
268 985 367 1062 ibique
379 986 469 1046 multa
485 985 521 1045 de
535 985 648 1063 ignavia
661 1002 765 1044 eorum
778 994 900 1061 questus
912 983 997 1043 docet
1009 1002 1040 1043 se
1053 983 1079 1042 Μ

117 1069 303 1146 praemisisse
319 1071 355 1130 ad
371 1089 434 1131 eam
450 1069 678 1141 multitudinem,
695 1087 782 1147 quam
798 1069 833 1128 ad
850 1068 995 1147 capiunda
1012 1087 1079 1128 arm.

118 1164 207 1228 verat,
224 1155 293 1215 item
305 1156 377 1216 alios
390 1155 420 1216 iu
437 1156 490 1216 alia
506 1156 570 1216 loca
583 1163 762 1234 opportuna,
778 1154 829 1233 qui
841 1153 957 1213 initium
970 1153 1039 1214 belli
1051 1155 1079 1213 la

117 1258 208 1317 seque
223 1239 259 1300 ad
275 1241 437 1302 exercitum
452 1241 599 1320 proficisci
610 1259 729 1319 cupere,
745 1240 770 1301 si
784 1239 867 1318 prius
880 1239 1053 1299 Ciceronem
1071 1260 1079 1298 r

64 1329 102 1386 28
120 1324 217 1385 sisset:
242 1344 309 1385 eum
325 1327 386 1388 suis
402 1326 531 1388 consiliis
554 1327 679 1388 multum
702 1327 830 1385 allicere.
861 1324 951 1402 igitur
973 1333 1079 1404 partera

118 1408 322 1473 dubitantibus
344 1412 459 1484 ceteris,
483 1412 514 1472 C.
531 1412 685 1472 Cornelius
702 1429 793 1490 eques
808 1410 959 1469 Romanus
975 1427 1079 1488 operar

117 1495 265 1575 pollicitus
282 1506 393 1557 etcum
410 1516 445 1557 eo
462 1497 495 1557 L.
512 1497 708 1575 Vargunteius
723 1503 842 1556 senator
860 1495 1041 1555 constituere
1057 1514 1079 1555 e:

117 1581 205 1660 paulo
228 1591 297 1661 post
311 1601 377 1643 cum
402 1583 520 1644 armatis
542 1581 713 1644 hominibus
735 1581 820 1642 sicuti
843 1580 998 1640 salutatum
1021 1580 1079 1640 intr

79 1678 94 1727 2
117 1666 290 1728 Ciceronem
306 1687 339 1728 ac
355 1670 392 1728 de
407 1667 559 1749 inproviso
575 1668 654 1728 domi
669 1686 738 1728 suae
755 1667 921 1745 inparatum
936 1666 1079 1726 conloder

119 1752 180 1813 rius
204 1753 254 1813 ubi
268 1753 421 1833 intellegit,
446 1763 589 1832 quantum
611 1753 777 1832 periculum
792 1751 907 1812 consuli
923 1751 1079 1831 impendeo

80 1848 94 1897 3
120 1855 192 1916 pere
206 1856 261 1917 per
272 1837 403 1899 Fulviam
418 1837 554 1900 Ciceroni
570 1839 670 1899 dolum
686 1839 736 1918 qui
751 1837 910 1918 parabatur
925 1837 1068 1898 enuntiat.

117 1923 205 1983 ianua
221 1922 363 2002 prohibiti
379 1933 494 1984 tantum
510 1925 625 1986 lacinus
641 1925 749 1986 frustra
765 1930 966 2002 susceperant.

117 2086 205 2152 Lente,
224 2086 295 2154 Sept.
314 2088 366 2140 und
383 2089 443 2155 lul.,
461 2097 534 2142 sonst
550 2092 631 2142 unbe-
683 2091 790 2156 quando
810 2089 960 2151 confitetur,
978 2088 1079 2138 illama

117 2156 205 2207 kannt.
682 2163 782 2211 morum
793 2160 962 2224 provinciam
979 2157 1080 2222 depopo

152 2227 176 2276 2.
194 2225 328 2275 obsidere:
348 2224 397 2277 wie
416 2229 457 2291 45,
470 2229 494 2278 2.
683 2244 743 2279 cum
758 2231 847 2293 prime
866 2227 924 2277 luce
945 2225 1080 2276 consulem

152 2307 211 2342 com
234 2293 284 2344 telo
308 2309 374 2343 esse:
400 2295 449 2345 wie
473 2309 501 2346 es
525 2295 550 2346 in
574 2295 631 2346 dem
684 2302 740 2347 tum
763 2298 880 2356 veniret,
904 2296 1073 2344 intromissus

119 2359 189 2411 alten
202 2359 310 2413 Cesetze
329 2361 415 2427 heilst,
433 2362 484 2415 Cic.
502 2379 527 2430 p.
540 2362 593 2416 blil.
607 2367 631 2428 4,
682 2382 756 2416 more
773 2369 800 2414 et
816 2367 876 2414 iare
894 2365 1079 2413 amicitiaeue

120 2431 161 2491 11,
179 2445 247 2494 quoe
260 2467 266 2480 .
277 2467 283 2480 .
294 2467 301 2480 .
313 2446 367 2480 esse
379 2446 438 2482 cum
451 2431 502 2483 telo
516 2434 632 2484 hominis
684 2434 779 2485 tectulo
798 2433 954 2483 trucidaret.

120 2498 260 2548 occidendi
277 2513 359 2550 causo
377 2504 454 2551 uetat.
719 2503 803 2566 Varg.
827 2505 946 2550 senator:
971 2497 1022 2549 Cic.
1047 2499 1072 2549 in

151 2569 214 2616 item
239 2568 308 2618 ab'os
328 2570 431 2620 intere:
456 2568 546 2620 kurzer
567 2568 632 2621 hus·
684 2575 708 2633 4,
733 2575 748 2624 9
774 2574 832 2634 sagt
856 2569 897 2620 bei
922 2566 1077 2632 Celegeuhei

93 2649 95 2652 ·
117 2633 206 2698 druch,
219 2636 268 2687 wie
278 2636 330 2688 Cic.
340 2637 371 2689 de
381 2636 424 2689 fin.
436 2641 459 2704 5,
471 2639 511 2702 26,
522 2640 553 2690 tu
566 2640 633 2688 mihi
684 2638 766 2691 Sache
786 2638 837 2688 duo
859 2639 997 2703 equites;
1016 2634 1064 2686 den

118 2718 180 2753 vero
192 2707 244 2755 icta
256 2705 333 2756 aeide
343 2709 458 2772 probata
469 2713 546 2770 earam
561 2707 633 2772 quod
683 2708 750 2759 telus
767 2709 809 2771 (zu
829 2709 871 2771 tt,
890 2709 915 2770 3)
937 2707 1015 2755 neunt
1033 2718 1060 2753 er
1077 2724 1079 2750 i

118 2775 182 2822 item
194 2770 364 2839 fratripaeto.
400 2774 457 2840 Vgl.
470 2775 522 2841 lug.
538 2779 594 2840 100,
606 2777 631 2826 4.
684 2778 708 2839 2,
727 2778 752 2841 6)
775 2791 823 2828 nur
841 2775 880 2828 als
898 2775 972 2826 einen
997 2773 1079 2823 darn

154 2841 177 2890 3.
201 2843 357 2907 intempesta
380 2847 469 2894 noete:
493 2839 534 2894 ‘iu
558 2843 632 2895 tieler
683 2844 943 2896 blitverschworenen
962 2839 1075 2894 uberhau

119 2903 213 2959 Nacht’
238 2910 297 2970 (uie
315 2912 356 2972 32,
376 2914 414 2976 1),
439 2912 503 2963 tiber
520 2911 566 2964 das
583 2912 632 2963 Da·
684 2914 751 2965 ohne
768 2914 875 2979 Angabe
894 2913 978 2964 selues
997 2910 1076 2962 Staud

46 2989 48 2993 ’
120 2982 174 3027 tum
192 2975 326 3028 darselben
344 2993 364 3029 s.
383 2995 414 3030 zu
433 2982 511 3044 29,1.
716 2982 876 3033 salutatem:
888 2980 929 3032 die
938 2979 1079 3031 vornehme

154 3044 280 3095 Laecam:
294 3061 340 3096 nur
349 3046 428 3099 durch
438 3048 481 3099 ihu
494 3047 546 3099 und
557 3049 632 3100 einen
684 3050 830 3118 emplingen
848 3048 1011 3114 regelmilsig
1029 3062 1069 3098 am

119 3111 633 3183 lrbherenVolkstribuuistdieserZweig
684 3121 748 3172 auch
767 3119 846 3170 sehon
865 3133 911 3170 vor
926 3116 1079 3181 Tagesanbn

120 3179 166 3232 der
180 3197 247 3247 gens
265 3182 361 3232 Porcia
379 3182 502 3236 bekannt.
683 3188 729 3239 her
752 3186 844 3248 officia
868 3186 1053 3250 antelucana),
1076 3207 1079 3232 a

153 3252 277 3314 ignavia:
297 3250 322 3300 iu
336 3248 424 3317 Bezug
440 3252 487 3302 aul
503 3251 544 3304 die
562 3252 633 3306 mils-
684 3261 802 3319 wartung
817 3255 883 3306 ihrer
896 3255 1013 3306 lllienten
1025 3254 1078 3306 und

120 3317 249 3383 lungeuen
267 3317 354 3371 Pliue.
684 3323 767 3376 Gnust
784 3321 945 3376 Suchendeu.

154 3390 178 3439 4.
193 3392 355 3453 paraverat:
374 3387 419 3439 der
431 3387 557 3441 lndikativ
570 3389 632 3455 hier,
719 3394 743 3444 2.
761 3392 808 3441 ubi
825 3392 969 3457 intellegit:
989 3408 1019 3443 zu
1038 3392 1079 3456 21,

119 3453 170 3535 {lle
195 3456 261 3536 01³?ss
285 3459 325 3521 ¹42
344 3461 367 3509 7·
383 3460 428 3537 ¹17,
446 3460 469 3508 7·
488 3459 529 3520 22,
548 3459 563 3509 3
580 3457 633 3510 ΠΜ
718 3477 880 3542 impendeat:
905 3477 1079 3544 prisentische

121 3521 187 3573 olter
198 3524 239 3576 ber
253 3523 323 3588 Sall,
343 3524 418 3577 lreier
430 3526 579 3592 gebraucht,
592 3543 633 3578 wo
684 3544 755 3609 hung
772 3545 837 3597 nach
856 3544 942 3599 praes·
964 3546 1024 3597 hist·
1043 3544 1078 3596 fi„

122 3588 166 3640 def
184 3591 259 3656 K0ssl·
279 3599 399 3646 elwaflel
418 3594 513 3647 Wslfde·
684 3612 726 3663 bei
746 3611 808 3665 Sall.
829 3614 955 3679 ungelihr
977 3614 1073 3666 ebenso

155 3673 235 3729 28.1.
247 3676 398 3729 Cornelius:
407 3678 460 3744 vgl.
472 3677 592 3744 l'l,4und
602 3694 634 3731 zu
684 3681 839 3746 priteritale,
853 3682 999 3749 abgesehen
1008 3699 1059 3736 von
1071 3701 1079 3734 a

123 3743 634 3811 18‚a.cic.0r.p.sularepetentiam
684 3750 719 3799 im
743 3748 827 3802 Praei.
854 3751 1002 3817 gegebeneu
1032 3758 1078 3804 unt

119 3816 205 3876 pater,
220 3811 333 3875 Comeli,
346 3816 376 3864 id
385 3816 457 3879 quod
467 3817 575 3868 tandem
585 3817 634 3867 ati·
684 3822 762 3869 neten
779 3816 1007 3886 Temporalsitzen
1025 3821 1072 3872 mit
