<?xml version="1.0" encoding="UTF-8"?>
<!DOCTYPE html PUBLIC "-//W3C//DTD XHTML 1.0 Transitional//EN"
    "http://www.w3.org/TR/xhtml1/DTD/xhtml1-transitional.dtd">
<html xmlns="http://www.w3.org/1999/xhtml" xml:lang="en" lang="en">
 <head>
  <title>
</title>
<meta http-equiv="Content-Type" content="text/html;charset=utf-8" />
  <meta name='ocr-system' content='tesseract 3.04.00' />
  <meta name='ocr-capabilities' content='ocr_page ocr_carea ocr_par ocr_line ocrx_word'/>
</head>
<body>
  <div class='ocr_page' id='page_1' title='image "./csallusticrispi00wirzgoog_0241.png"; bbox 0 0 2498 4260; ppageno 0'>
   <div class='ocr_carea' id='block_1_1' title="bbox 314 121 1137 182">
    <p class='ocr_par' dir='ltr' id='par_1_1' title="bbox 314 121 1137 182">
     <span class='ocr_line' id='line_1_1' title="bbox 314 121 1137 182; baseline 0.011 -8"><span class='ocrx_word' id='word_1_1' title='bbox 314 121 354 175; x_wconf 80' lang='lat' dir='ltr'>DE</span> <span class='ocrx_word' id='word_1_2' title='bbox 372 121 474 176; x_wconf 83' lang='lat' dir='ltr'>BELLO</span> <span class='ocrx_word' id='word_1_3' title='bbox 492 122 645 176; x_wconf 86' lang='lat' dir='ltr'><strong>lVGVRTll.</strong></span> <span class='ocrx_word' id='word_1_4' title='bbox 683 124 710 176; x_wconf 87' lang='lat' dir='ltr'>G.</span> <span class='ocrx_word' id='word_1_5' title='bbox 724 127 869 178; x_wconf 75' lang='lat' dir='ltr'>toa-loe.</span> <span class='ocrx_word' id='word_1_6' title='bbox 1078 125 1137 182; x_wconf 81' lang='lat'>227</span> 
     </span>
    </p>
   </div>
   <div class='ocr_carea' id='block_1_2' title="bbox 10 295 1208 1991">
    <p class='ocr_par' dir='ltr' id='par_1_2' title="bbox 60 295 1208 1481">
     <span class='ocr_line' id='line_1_2' title="bbox 62 295 1140 376; baseline 0.002 -20"><span class='ocrx_word' id='word_1_7' title='bbox 62 314 162 374; x_wconf 87' lang='lat' dir='ltr'>neque</span> <span class='ocrx_word' id='word_1_8' title='bbox 178 295 223 356; x_wconf 92' lang='lat' dir='ltr'>his</span> <span class='ocrx_word' id='word_1_9' title='bbox 238 312 324 356; x_wconf 90' lang='lat' dir='ltr'>secus</span> <span class='ocrx_word' id='word_1_10' title='bbox 345 302 432 373; x_wconf 91' lang='lat' dir='ltr'>atque</span> <span class='ocrx_word' id='word_1_11' title='bbox 455 295 518 356; x_wconf 92' lang='lat' dir='ltr'>aliis</span> <span class='ocrx_word' id='word_1_12' title='bbox 539 295 630 356; x_wconf 91' lang='lat' dir='ltr'>armis</span> <span class='ocrx_word' id='word_1_13' title='bbox 651 296 791 356; x_wconf 82' lang='lat' dir='ltr'>advorsus</span> <span class='ocrx_word' id='word_1_14' title='bbox 814 296 869 356; x_wconf 89' lang='lat' dir='ltr'>tela</span> <span class='ocrx_word' id='word_1_15' title='bbox 892 296 1036 371; x_wconf 88' lang='lat' dir='ltr'>hostium,</span> <span class='ocrx_word' id='word_1_16' title='bbox 1060 298 1140 376; x_wconf 93' lang='lat' dir='ltr'>quod</span> 
     </span>
     <span class='ocr_line' id='line_1_3' title="bbox 62 379 1176 460; baseline 0.003 -19"><span class='ocrx_word' id='word_1_17' title='bbox 62 399 96 441; x_wconf 91' lang='lat' dir='ltr'>ea</span> <span class='ocrx_word' id='word_1_18' title='bbox 119 379 192 440; x_wconf 92' lang='lat' dir='ltr'>levia</span> <span class='ocrx_word' id='word_1_19' title='bbox 214 388 300 453; x_wconf 85' lang='lat' dir='ltr'>suut,</span> <span class='ocrx_word' id='word_1_20' title='bbox 323 379 439 441; x_wconf 89' lang='lat' dir='ltr'>muniti.</span> <span class='ocrx_word' id='word_1_21' title='bbox 468 379 518 442; x_wconf 91' lang='lat' dir='ltr'>sed</span> <span class='ocrx_word' id='word_1_22' title='bbox 542 380 571 440; x_wconf 92' lang='lat' dir='ltr'>in</span> <span class='ocrx_word' id='word_1_23' title='bbox 589 379 695 442; x_wconf 89' lang='lat' dir='ltr'>itinere</span> <span class='ocrx_word' id='word_1_24' title='bbox 710 381 814 459; x_wconf 90' lang='lat' dir='ltr'>quinto</span> <span class='ocrx_word' id='word_1_25' title='bbox 830 379 959 460; x_wconf 89' lang='lat' dir='ltr'>denique</span> <span class='ocrx_word' id='word_1_26' title='bbox 974 382 1021 442; x_wconf 92' lang='lat' dir='ltr'>die</span> <span class='ocrx_word' id='word_1_27' title='bbox 1036 383 1139 457; x_wconf 85' lang='lat' dir='ltr'>Volux,</span> <span class='ocrx_word' id='word_1_28' title='bbox 1161 393 1176 444; x_wconf 83' lang='lat'><strong>3</strong></span> 
     </span>
     <span class='ocr_line' id='line_1_4' title="bbox 60 464 1138 545; baseline 0.003 -20"><span class='ocrx_word' id='word_1_29' title='bbox 60 466 141 526; x_wconf 84' lang='lat' dir='ltr'>filius</span> <span class='ocrx_word' id='word_1_30' title='bbox 155 465 280 539; x_wconf 90' lang='lat' dir='ltr'>Bocchi,</span> <span class='ocrx_word' id='word_1_31' title='bbox 303 473 427 543; x_wconf 89' lang='lat' dir='ltr'>repente</span> <span class='ocrx_word' id='word_1_32' title='bbox 449 464 479 525; x_wconf 92' lang='lat' dir='ltr'>in</span> <span class='ocrx_word' id='word_1_33' title='bbox 503 465 614 545; x_wconf 92' lang='lat' dir='ltr'>campis</span> <span class='ocrx_word' id='word_1_34' title='bbox 636 465 807 544; x_wconf 87' lang='lat' dir='ltr'>patentibus</span> <span class='ocrx_word' id='word_1_35' title='bbox 822 484 890 527; x_wconf 90' lang='lat' dir='ltr'>cum</span> <span class='ocrx_word' id='word_1_36' title='bbox 906 466 984 527; x_wconf 90' lang='lat' dir='ltr'>mille</span> <span class='ocrx_word' id='word_1_37' title='bbox 1001 486 1060 527; x_wconf 89' lang='lat' dir='ltr'>nou</span> <span class='ocrx_word' id='word_1_38' title='bbox 1078 487 1138 528; x_wconf 92' lang='lat' dir='ltr'>am-</span> 
     </span>
     <span class='ocr_line' id='line_1_5' title="bbox 60 549 1140 631; baseline 0.003 -21"><span class='ocrx_word' id='word_1_39' title='bbox 60 551 141 631; x_wconf 90' lang='lat' dir='ltr'>plius</span> <span class='ocrx_word' id='word_1_40' title='bbox 156 549 304 628; x_wconf 92' lang='lat' dir='ltr'>equitibus</span> <span class='ocrx_word' id='word_1_41' title='bbox 319 567 384 610; x_wconf 92' lang='lat' dir='ltr'>sese</span> <span class='ocrx_word' id='word_1_42' title='bbox 403 550 547 623; x_wconf 77' lang='lat' dir='ltr'><strong>ostendit,</strong></span> <span class='ocrx_word' id='word_1_43' title='bbox 571 550 620 628; x_wconf 92' lang='lat' dir='ltr'>qui</span> <span class='ocrx_word' id='word_1_44' title='bbox 643 557 755 611; x_wconf 91' lang='lat' dir='ltr'>temere</span> <span class='ocrx_word' id='word_1_45' title='bbox 770 559 799 610; x_wconf 92' lang='lat' dir='ltr'>et</span> <span class='ocrx_word' id='word_1_46' title='bbox 815 551 907 612; x_wconf 81' lang='lat' dir='ltr'>effuse</span> <span class='ocrx_word' id='word_1_47' title='bbox 923 560 1028 613; x_wconf 85' lang='lat' dir='ltr'>euntes</span> <span class='ocrx_word' id='word_1_48' title='bbox 1044 553 1140 614; x_wconf 85' lang='lat' dir='ltr'><strong>Sullae</strong></span> 
     </span>
     <span class='ocr_line' id='line_1_6' title="bbox 61 633 1139 714; baseline 0.003 -19"><span class='ocrx_word' id='word_1_49' title='bbox 61 635 186 714; x_wconf 89' lang='lat' dir='ltr'>aliisque</span> <span class='ocrx_word' id='word_1_50' title='bbox 202 633 342 696; x_wconf 88' lang='lat' dir='ltr'>omuibus</span> <span class='ocrx_word' id='word_1_51' title='bbox 357 643 387 695; x_wconf 85' lang='lat' dir='ltr'>et</span> <span class='ocrx_word' id='word_1_52' title='bbox 402 653 558 696; x_wconf 90' lang='lat' dir='ltr'>numerum</span> <span class='ocrx_word' id='word_1_53' title='bbox 574 636 746 713; x_wconf 91' lang='lat' dir='ltr'>ampliorem</span> <span class='ocrx_word' id='word_1_54' title='bbox 759 654 828 696; x_wconf 88' lang='lat' dir='ltr'>vero</span> <span class='ocrx_word' id='word_1_55' title='bbox 841 645 870 696; x_wconf 90' lang='lat' dir='ltr'>et</span> <span class='ocrx_word' id='word_1_56' title='bbox 880 636 1016 697; x_wconf 80' lang='lat' dir='ltr'><strong>hostilem</strong></span> <span class='ocrx_word' id='word_1_57' title='bbox 1029 648 1139 699; x_wconf 88' lang='lat' dir='ltr'>metum</span> 
     </span>
     <span class='ocr_line' id='line_1_7' title="bbox 62 719 1177 801; baseline 0 -21"><span class='ocrx_word' id='word_1_58' title='bbox 62 719 242 781; x_wconf 83' lang='lat' dir='ltr'>efficiebant.</span> <span class='ocrx_word' id='word_1_59' title='bbox 272 720 363 800; x_wconf 82' lang='lat' dir='ltr'>igitur</span> <span class='ocrx_word' id='word_1_60' title='bbox 376 736 408 782; x_wconf 90' lang='lat' dir='ltr'>se</span> <span class='ocrx_word' id='word_1_61' title='bbox 424 720 549 798; x_wconf 92' lang='lat' dir='ltr'>quisque</span> <span class='ocrx_word' id='word_1_62' title='bbox 562 720 709 800; x_wconf 81' lang='lat' dir='ltr'>expedire,</span> <span class='ocrx_word' id='word_1_63' title='bbox 726 738 805 781; x_wconf 91' lang='lat' dir='ltr'>arma</span> <span class='ocrx_word' id='word_1_64' title='bbox 820 731 907 800; x_wconf 91' lang='lat' dir='ltr'>atque</span> <span class='ocrx_word' id='word_1_65' title='bbox 923 722 980 782; x_wconf 92' lang='lat' dir='ltr'>tela</span> <span class='ocrx_word' id='word_1_66' title='bbox 995 730 1140 801; x_wconf 86' lang='lat' dir='ltr'>temptare</span> <span class='ocrx_word' id='word_1_67' title='bbox 1161 731 1177 780; x_wconf 82' lang='grc'>1</span> 
     </span>
     <span class='ocr_line' id='line_1_8' title="bbox 61 804 1139 885; baseline 0.003 -19"><span class='ocrx_word' id='word_1_68' title='bbox 61 804 234 866; x_wconf 89' lang='lat' dir='ltr'>intendere:</span> <span class='ocrx_word' id='word_1_69' title='bbox 252 805 339 866; x_wconf 89' lang='lat' dir='ltr'>timor</span> <span class='ocrx_word' id='word_1_70' title='bbox 354 805 537 884; x_wconf 87' lang='lat' dir='ltr'>aliquantus,</span> <span class='ocrx_word' id='word_1_71' title='bbox 553 805 604 867; x_wconf 91' lang='lat' dir='ltr'>sed</span> <span class='ocrx_word' id='word_1_72' title='bbox 620 823 687 884; x_wconf 92' lang='lat' dir='ltr'>spes</span> <span class='ocrx_word' id='word_1_73' title='bbox 702 805 837 885; x_wconf 92' lang='lat' dir='ltr'>amplior,</span> <span class='ocrx_word' id='word_1_74' title='bbox 854 807 964 885; x_wconf 92' lang='lat' dir='ltr'>quippe</span> <span class='ocrx_word' id='word_1_75' title='bbox 980 807 1139 869; x_wconf 90' lang='lat' dir='ltr'>victoribus</span> 
     </span>
     <span class='ocr_line' id='line_1_9' title="bbox 62 890 1175 973; baseline 0 -23"><span class='ocrx_word' id='word_1_76' title='bbox 62 902 93 951; x_wconf 90' lang='lat' dir='ltr'>et</span> <span class='ocrx_word' id='word_1_77' title='bbox 108 890 263 952; x_wconf 82' lang='lat' dir='ltr'>advorsum</span> <span class='ocrx_word' id='word_1_78' title='bbox 286 909 352 964; x_wconf 92' lang='lat' dir='ltr'>eos,</span> <span class='ocrx_word' id='word_1_79' title='bbox 376 908 451 968; x_wconf 91' lang='lat' dir='ltr'>quos</span> <span class='ocrx_word' id='word_1_80' title='bbox 466 909 554 969; x_wconf 82' lang='lat' dir='ltr'>saepe</span> <span class='ocrx_word' id='word_1_81' title='bbox 569 890 710 951; x_wconf 89' lang='lat' dir='ltr'>vicerant.</span> <span class='ocrx_word' id='word_1_82' title='bbox 741 891 858 952; x_wconf 91' lang='lat' dir='ltr'>iuterim</span> <span class='ocrx_word' id='word_1_83' title='bbox 876 892 989 969; x_wconf 90' lang='lat' dir='ltr'>equites</span> <span class='ocrx_word' id='word_1_84' title='bbox 1004 894 1138 973; x_wconf 83' lang='lat' dir='ltr'>explora·</span> <span class='ocrx_word' id='word_1_85' title='bbox 1162 902 1175 950; x_wconf 82' lang='grc'>1</span> 
     </span>
     <span class='ocr_line' id='line_1_10' title="bbox 61 975 1208 1056; baseline 0.003 -21"><span class='ocrx_word' id='word_1_86' title='bbox 61 983 125 1035; x_wconf 88' lang='lat' dir='ltr'>tum</span> <span class='ocrx_word' id='word_1_87' title='bbox 141 975 294 1056; x_wconf 81' lang='lat' dir='ltr'>praemissi</span> <span class='ocrx_word' id='word_1_88' title='bbox 310 992 383 1049; x_wconf 93' lang='lat' dir='ltr'>rem,</span> <span class='ocrx_word' id='word_1_89' title='bbox 400 976 442 1036; x_wconf 90' lang='lat' dir='ltr'>uti</span> <span class='ocrx_word' id='word_1_90' title='bbox 458 984 530 1049; x_wconf 86' lang='lat' dir='ltr'>erat,</span> <span class='ocrx_word' id='word_1_91' title='bbox 543 976 675 1054; x_wconf 88' lang='lat' dir='ltr'>quietam</span> <span class='ocrx_word' id='word_1_92' title='bbox 694 976 841 1036; x_wconf 87' lang='lat' dir='ltr'>nuntiant.</span> <span class='ocrx_word' id='word_1_93' title='bbox 871 977 965 1038; x_wconf 84' lang='lat' dir='ltr'><strong>Volux</strong></span> <span class='ocrx_word' id='word_1_94' title='bbox 981 978 1140 1039; x_wconf 89' lang='lat' dir='ltr'>adveniens</span> <span class='ocrx_word' id='word_1_95' title='bbox 1153 981 1208 1038; x_wconf 81' lang='grc'>111</span> 
     </span>
     <span class='ocr_line' id='line_1_11' title="bbox 61 1060 1143 1140; baseline 0.003 -19"><span class='ocrx_word' id='word_1_96' title='bbox 61 1069 248 1140; x_wconf 88' lang='lat' dir='ltr'>quaestorem</span> <span class='ocrx_word' id='word_1_97' title='bbox 262 1060 389 1140; x_wconf 90' lang='lat' dir='ltr'>adpellat</span> <span class='ocrx_word' id='word_1_98' title='bbox 403 1060 531 1139; x_wconf 85' lang='lat' dir='ltr'>dicitque</span> <span class='ocrx_word' id='word_1_99' title='bbox 548 1079 579 1122; x_wconf 91' lang='lat' dir='ltr'>se</span> <span class='ocrx_word' id='word_1_100' title='bbox 594 1070 713 1140; x_wconf 80' lang='lat' dir='ltr'>epatre</span> <span class='ocrx_word' id='word_1_101' title='bbox 720 1060 837 1121; x_wconf 90' lang='lat' dir='ltr'>Boccho</span> <span class='ocrx_word' id='word_1_102' title='bbox 854 1060 967 1122; x_wconf 89' lang='lat' dir='ltr'>obviam</span> <span class='ocrx_word' id='word_1_103' title='bbox 983 1062 1041 1123; x_wconf 93' lang='lat' dir='ltr'>illis</span> <span class='ocrx_word' id='word_1_104' title='bbox 1054 1063 1143 1125; x_wconf 90' lang='lat' dir='ltr'>simul</span> 
     </span>
     <span class='ocr_line' id='line_1_12' title="bbox 63 1145 1141 1226; baseline 0.003 -20"><span class='ocrx_word' id='word_1_105' title='bbox 63 1158 92 1206; x_wconf 90' lang='lat' dir='ltr'>et</span> <span class='ocrx_word' id='word_1_106' title='bbox 111 1145 257 1225; x_wconf 90' lang='lat' dir='ltr'>praesidio</span> <span class='ocrx_word' id='word_1_107' title='bbox 271 1146 402 1207; x_wconf 89' lang='lat' dir='ltr'>missum.</span> <span class='ocrx_word' id='word_1_108' title='bbox 432 1145 539 1207; x_wconf 91' lang='lat' dir='ltr'>deinde</span> <span class='ocrx_word' id='word_1_109' title='bbox 554 1165 621 1206; x_wconf 92' lang='lat' dir='ltr'>eum</span> <span class='ocrx_word' id='word_1_110' title='bbox 638 1156 666 1206; x_wconf 94' lang='lat' dir='ltr'>et</span> <span class='ocrx_word' id='word_1_111' title='bbox 681 1164 857 1226; x_wconf 86' lang='lat' dir='ltr'>proxumum</span> <span class='ocrx_word' id='word_1_112' title='bbox 875 1146 952 1207; x_wconf 91' lang='lat' dir='ltr'>diem</span> <span class='ocrx_word' id='word_1_113' title='bbox 975 1147 1039 1208; x_wconf 91' lang='lat' dir='ltr'>siue</span> <span class='ocrx_word' id='word_1_114' title='bbox 1061 1158 1141 1209; x_wconf 91' lang='lat' dir='ltr'>metu</span> 
     </span>
     <span class='ocr_line' id='line_1_13' title="bbox 63 1230 1177 1312; baseline 0 -20"><span class='ocrx_word' id='word_1_115' title='bbox 63 1231 216 1292; x_wconf 85' lang='lat' dir='ltr'>coniuncti</span> <span class='ocrx_word' id='word_1_116' title='bbox 232 1238 314 1292; x_wconf 89' lang='lat' dir='ltr'>eunt.</span> <span class='ocrx_word' id='word_1_117' title='bbox 336 1239 412 1309; x_wconf 90' lang='lat' dir='ltr'>post,</span> <span class='ocrx_word' id='word_1_118' title='bbox 428 1230 479 1292; x_wconf 91' lang='lat' dir='ltr'>ubi</span> <span class='ocrx_word' id='word_1_119' title='bbox 496 1241 590 1293; x_wconf 90' lang='lat' dir='ltr'>castra</span> <span class='ocrx_word' id='word_1_120' title='bbox 602 1231 694 1291; x_wconf 87' lang='lat' dir='ltr'>locata</span> <span class='ocrx_word' id='word_1_121' title='bbox 708 1241 736 1292; x_wconf 92' lang='lat' dir='ltr'>et</span> <span class='ocrx_word' id='word_1_122' title='bbox 747 1231 804 1291; x_wconf 88' lang='lat' dir='ltr'>diei</span> <span class='ocrx_word' id='word_1_123' title='bbox 817 1249 920 1310; x_wconf 89' lang='lat' dir='ltr'>vesper</span> <span class='ocrx_word' id='word_1_124' title='bbox 931 1240 1002 1305; x_wconf 90' lang='lat' dir='ltr'>erat,</span> <span class='ocrx_word' id='word_1_125' title='bbox 1018 1243 1142 1312; x_wconf 89' lang='lat' dir='ltr'>repente</span> <span class='ocrx_word' id='word_1_126' title='bbox 1162 1243 1177 1292; x_wconf 83' lang='lat'><strong>2</strong></span> 
     </span>
     <span class='ocr_line' id='line_1_14' title="bbox 63 1315 1139 1396; baseline 0.001 -19"><span class='ocrx_word' id='word_1_127' title='bbox 63 1316 182 1377; x_wconf 86' lang='lat' dir='ltr'>Maurus</span> <span class='ocrx_word' id='word_1_128' title='bbox 204 1316 318 1377; x_wconf 90' lang='lat' dir='ltr'>incerto</span> <span class='ocrx_word' id='word_1_129' title='bbox 340 1315 421 1376; x_wconf 89' lang='lat' dir='ltr'>voltu</span> <span class='ocrx_word' id='word_1_130' title='bbox 443 1334 553 1396; x_wconf 89' lang='lat' dir='ltr'>pavens</span> <span class='ocrx_word' id='word_1_131' title='bbox 569 1317 603 1376; x_wconf 92' lang='lat' dir='ltr'>ad</span> <span class='ocrx_word' id='word_1_132' title='bbox 620 1315 728 1377; x_wconf 87' lang='lat' dir='ltr'>Sullam</span> <span class='ocrx_word' id='word_1_133' title='bbox 744 1316 873 1377; x_wconf 92' lang='lat' dir='ltr'>accurrit</span> <span class='ocrx_word' id='word_1_134' title='bbox 888 1315 1016 1395; x_wconf 86' lang='lat' dir='ltr'>dicitque</span> <span class='ocrx_word' id='word_1_135' title='bbox 1033 1317 1088 1378; x_wconf 92' lang='lat' dir='ltr'>sibi</span> <span class='ocrx_word' id='word_1_136' title='bbox 1105 1336 1139 1378; x_wconf 85' lang='lat' dir='ltr'>ex</span> 
     </span>
     <span class='ocr_line' id='line_1_15' title="bbox 62 1399 1139 1481; baseline 0.001 -19"><span class='ocrx_word' id='word_1_137' title='bbox 62 1399 300 1481; x_wconf 84' lang='lat' dir='ltr'>speculatoribus</span> <span class='ocrx_word' id='word_1_138' title='bbox 321 1400 471 1480; x_wconf 87' lang='lat' dir='ltr'>cognitum</span> <span class='ocrx_word' id='word_1_139' title='bbox 488 1401 659 1480; x_wconf 84' lang='lat' dir='ltr'>Iugurtham</span> <span class='ocrx_word' id='word_1_140' title='bbox 683 1402 759 1461; x_wconf 92' lang='lat' dir='ltr'>haud</span> <span class='ocrx_word' id='word_1_141' title='bbox 780 1401 884 1479; x_wconf 90' lang='lat' dir='ltr'>procul</span> <span class='ocrx_word' id='word_1_142' title='bbox 904 1401 1021 1476; x_wconf 88' lang='lat' dir='ltr'>abesse;</span> <span class='ocrx_word' id='word_1_143' title='bbox 1044 1402 1139 1476; x_wconf 92' lang='lat' dir='ltr'>simul,</span> 
     </span>
    </p>

    <p class='ocr_par' dir='ltr' id='par_1_3' title="bbox 10 1486 1176 1991">
     <span class='ocr_line' id='line_1_16' title="bbox 10 1486 1176 1565; baseline -0.001 -19"><span class='ocrx_word' id='word_1_144' title='bbox 10 1508 12 1513; x_wconf 94' lang='lat'>·</span> <span class='ocrx_word' id='word_1_145' title='bbox 62 1487 105 1547; x_wconf 92' lang='lat' dir='ltr'>uti</span> <span class='ocrx_word' id='word_1_146' title='bbox 118 1494 209 1548; x_wconf 87' lang='lat' dir='ltr'>noctu</span> <span class='ocrx_word' id='word_1_147' title='bbox 221 1486 297 1546; x_wconf 89' lang='lat' dir='ltr'>clam</span> <span class='ocrx_word' id='word_1_148' title='bbox 309 1504 408 1546; x_wconf 89' lang='lat' dir='ltr'>secum</span> <span class='ocrx_word' id='word_1_149' title='bbox 421 1487 602 1565; x_wconf 80' lang='lat' dir='ltr'>profugeret,</span> <span class='ocrx_word' id='word_1_150' title='bbox 618 1495 703 1565; x_wconf 84' lang='lat' dir='ltr'>rogat</span> <span class='ocrx_word' id='word_1_151' title='bbox 712 1496 801 1564; x_wconf 90' lang='lat' dir='ltr'>atque</span> <span class='ocrx_word' id='word_1_152' title='bbox 812 1488 958 1547; x_wconf 89' lang='lat' dir='ltr'>hortatur.</span> <span class='ocrx_word' id='word_1_153' title='bbox 981 1487 1029 1547; x_wconf 90' lang='lat' dir='ltr'>ille</span> <span class='ocrx_word' id='word_1_154' title='bbox 1041 1488 1139 1549; x_wconf 89' lang='lat' dir='ltr'>auimo</span> <span class='ocrx_word' id='word_1_155' title='bbox 1162 1495 1176 1545; x_wconf 80' lang='grc'>1</span> 
     </span>
     <span class='ocr_line' id='line_1_17' title="bbox 62 1570 1139 1650; baseline 0.002 -20"><span class='ocrx_word' id='word_1_156' title='bbox 62 1571 155 1632; x_wconf 82' lang='lat' dir='ltr'>feroci</span> <span class='ocrx_word' id='word_1_157' title='bbox 169 1579 257 1650; x_wconf 82' lang='lat' dir='ltr'>negat</span> <span class='ocrx_word' id='word_1_158' title='bbox 268 1590 299 1632; x_wconf 91' lang='lat' dir='ltr'>se</span> <span class='ocrx_word' id='word_1_159' title='bbox 314 1570 424 1631; x_wconf 87' lang='lat' dir='ltr'>totiens</span> <span class='ocrx_word' id='word_1_160' title='bbox 438 1572 535 1632; x_wconf 87' lang='lat' dir='ltr'>fusum</span> <span class='ocrx_word' id='word_1_161' title='bbox 548 1571 703 1633; x_wconf 90' lang='lat' dir='ltr'>Numidam</span> <span class='ocrx_word' id='word_1_162' title='bbox 714 1572 939 1649; x_wconf 87' lang='lat' dir='ltr'>pertimescere:</span> <span class='ocrx_word' id='word_1_163' title='bbox 956 1572 1056 1632; x_wconf 92' lang='lat' dir='ltr'>virtuti</span> <span class='ocrx_word' id='word_1_164' title='bbox 1071 1591 1139 1633; x_wconf 91' lang='lat' dir='ltr'>suo·</span> 
     </span>
     <span class='ocr_line' id='line_1_18' title="bbox 62 1655 1140 1736; baseline 0.001 -19"><span class='ocrx_word' id='word_1_165' title='bbox 62 1675 129 1717; x_wconf 91' lang='lat' dir='ltr'>rum</span> <span class='ocrx_word' id='word_1_166' title='bbox 142 1656 212 1717; x_wconf 87' lang='lat' dir='ltr'>satis</span> <span class='ocrx_word' id='word_1_167' title='bbox 223 1656 360 1731; x_wconf 87' lang='lat' dir='ltr'>credere;</span> <span class='ocrx_word' id='word_1_168' title='bbox 376 1655 489 1717; x_wconf 87' lang='lat' dir='ltr'>etiamsi</span> <span class='ocrx_word' id='word_1_169' title='bbox 501 1667 580 1717; x_wconf 85' lang='lat' dir='ltr'>certa</span> <span class='ocrx_word' id='word_1_170' title='bbox 595 1657 687 1735; x_wconf 91' lang='lat' dir='ltr'>pestis</span> <span class='ocrx_word' id='word_1_171' title='bbox 705 1656 828 1731; x_wconf 85' lang='lat' dir='ltr'>adesset,</span> <span class='ocrx_word' id='word_1_172' title='bbox 844 1674 1016 1717; x_wconf 89' lang='lat' dir='ltr'>mansurum</span> <span class='ocrx_word' id='word_1_173' title='bbox 1032 1657 1140 1736; x_wconf 88' lang='lat' dir='ltr'>potius,</span> 
     </span>
     <span class='ocr_line' id='line_1_19' title="bbox 62 1741 1140 1821; baseline -0.001 -18"><span class='ocrx_word' id='word_1_174' title='bbox 62 1760 162 1820; x_wconf 92' lang='lat' dir='ltr'>quam,</span> <span class='ocrx_word' id='word_1_175' title='bbox 177 1741 301 1821; x_wconf 87' lang='lat' dir='ltr'>proditis</span> <span class='ocrx_word' id='word_1_176' title='bbox 316 1759 391 1819; x_wconf 92' lang='lat' dir='ltr'>quos</span> <span class='ocrx_word' id='word_1_177' title='bbox 414 1741 549 1816; x_wconf 91' lang='lat' dir='ltr'>ducebat,</span> <span class='ocrx_word' id='word_1_178' title='bbox 566 1741 646 1820; x_wconf 85' lang='lat' dir='ltr'>turpi</span> <span class='ocrx_word' id='word_1_179' title='bbox 662 1743 731 1819; x_wconf 85' lang='lat' dir='ltr'>luga</span> <span class='ocrx_word' id='word_1_180' title='bbox 747 1742 877 1802; x_wconf 89' lang='lat' dir='ltr'>incertae</span> <span class='ocrx_word' id='word_1_181' title='bbox 893 1759 926 1801; x_wconf 88' lang='lat' dir='ltr'>ac</span> <span class='ocrx_word' id='word_1_182' title='bbox 938 1743 1059 1802; x_wconf 89' lang='lat' dir='ltr'>lorsitau</span> <span class='ocrx_word' id='word_1_183' title='bbox 1074 1752 1140 1820; x_wconf 92' lang='lat' dir='ltr'>post</span> 
     </span>
     <span class='ocr_line' id='line_1_20' title="bbox 62 1825 1176 1907; baseline -0.001 -20"><span class='ocrx_word' id='word_1_184' title='bbox 62 1827 151 1907; x_wconf 91' lang='lat' dir='ltr'>paulo</span> <span class='ocrx_word' id='word_1_185' title='bbox 167 1826 272 1886; x_wconf 91' lang='lat' dir='ltr'>morbo</span> <span class='ocrx_word' id='word_1_186' title='bbox 288 1825 460 1886; x_wconf 88' lang='lat' dir='ltr'>interiturae</span> <span class='ocrx_word' id='word_1_187' title='bbox 476 1827 551 1887; x_wconf 87' lang='lat' dir='ltr'>vitae</span> <span class='ocrx_word' id='word_1_188' title='bbox 572 1835 717 1906; x_wconf 88' lang='lat' dir='ltr'>parceret.</span> <span class='ocrx_word' id='word_1_189' title='bbox 747 1835 878 1886; x_wconf 88' lang='lat' dir='ltr'>ceterum</span> <span class='ocrx_word' id='word_1_190' title='bbox 894 1828 929 1886; x_wconf 93' lang='lat' dir='ltr'>ah</span> <span class='ocrx_word' id='word_1_191' title='bbox 951 1826 1053 1887; x_wconf 90' lang='lat' dir='ltr'>eodem</span> <span class='ocrx_word' id='word_1_192' title='bbox 1076 1845 1140 1888; x_wconf 92' lang='lat' dir='ltr'>mo·</span> <span class='ocrx_word' id='word_1_193' title='bbox 1162 1839 1176 1886; x_wconf 88' lang='grc'><strong>4</strong></span> 
     </span>
     <span class='ocr_line' id='line_1_21' title="bbox 63 1911 1139 1991; baseline 0 -19"><span class='ocrx_word' id='word_1_194' title='bbox 63 1911 160 1984; x_wconf 88' lang='lat' dir='ltr'>nitus,</span> <span class='ocrx_word' id='word_1_195' title='bbox 184 1911 226 1971; x_wconf 90' lang='lat' dir='ltr'>uti</span> <span class='ocrx_word' id='word_1_196' title='bbox 249 1921 338 1971; x_wconf 88' lang='lat' dir='ltr'>noctu</span> <span class='ocrx_word' id='word_1_197' title='bbox 362 1911 639 1991; x_wconf 88' lang='lat' dir='ltr'>proficiscerentur,</span> <span class='ocrx_word' id='word_1_198' title='bbox 663 1911 819 1972; x_wconf 90' lang='lat' dir='ltr'>consilium</span> <span class='ocrx_word' id='word_1_199' title='bbox 836 1911 980 1990; x_wconf 91' lang='lat' dir='ltr'>adprobat</span> <span class='ocrx_word' id='word_1_200' title='bbox 995 1929 1029 1972; x_wconf 91' lang='lat' dir='ltr'>ac</span> <span class='ocrx_word' id='word_1_201' title='bbox 1044 1913 1139 1973; x_wconf 87' lang='lat' dir='ltr'>statim</span> 
     </span>
    </p>
   </div>
   <div class='ocr_carea' id='block_1_3' title="bbox 57 2021 1143 3864">
    <p class='ocr_par' dir='ltr' id='par_1_4' title="bbox 59 2021 1141 2298">
     <span class='ocr_line' id='line_1_22' title="bbox 61 2021 1141 2093; baseline 0.001 -14"><span class='ocrx_word' id='word_1_202' title='bbox 61 2028 163 2079; x_wconf 82' lang='lat' dir='ltr'>ltleiner</span> <span class='ocrx_word' id='word_1_203' title='bbox 179 2026 272 2078; x_wconf 89' lang='lat' dir='ltr'>ruuder</span> <span class='ocrx_word' id='word_1_204' title='bbox 285 2026 371 2078; x_wconf 89' lang='lat' dir='ltr'>Schild</span> <span class='ocrx_word' id='word_1_205' title='bbox 389 2029 506 2093; x_wconf 83' lang='lat' dir='ltr'>(parma)</span> <span class='ocrx_word' id='word_1_206' title='bbox 525 2043 575 2080; x_wconf 85' lang='lat' dir='ltr'>rou</span> <span class='ocrx_word' id='word_1_207' title='bbox 663 2030 686 2079; x_wconf 88' lang='grc'>4.</span> <span class='ocrx_word' id='word_1_208' title='bbox 710 2028 864 2078; x_wconf 75' lang='lat' dir='ltr'>advorsum:</span> <span class='ocrx_word' id='word_1_209' title='bbox 884 2021 1055 2093; x_wconf 67' lang='lat' dir='ltr'>‘gegeuriher&#39;</span> <span class='ocrx_word' id='word_1_210' title='bbox 1080 2028 1141 2081; x_wconf 88' lang='lat' dir='ltr'>oder</span> 
     </span>
     <span class='ocr_line' id='line_1_23' title="bbox 61 2085 1141 2163; baseline 0 -15"><span class='ocrx_word' id='word_1_211' title='bbox 61 2099 76 2148; x_wconf 88' lang='grc'>3</span> <span class='ocrx_word' id='word_1_212' title='bbox 90 2093 155 2147; x_wconf 84' lang='lat' dir='ltr'>Fuls</span> <span class='ocrx_word' id='word_1_213' title='bbox 171 2093 358 2159; x_wconf 79' lang='lat' dir='ltr'>llurchmesser,</span> <span class='ocrx_word' id='word_1_214' title='bbox 376 2095 491 2148; x_wconf 88' lang='lat' dir='ltr'>lederuer</span> <span class='ocrx_word' id='word_1_215' title='bbox 502 2095 575 2148; x_wconf 87' lang='lat' dir='ltr'>Helm</span> <span class='ocrx_word' id='word_1_216' title='bbox 627 2090 812 2161; x_wconf 77' lang='lat' dir='ltr'>‘augesiehts&#39;;</span> <span class='ocrx_word' id='word_1_217' title='bbox 831 2095 883 2162; x_wconf 82' lang='lat' dir='ltr'><strong>vgl.</strong></span> <span class='ocrx_word' id='word_1_218' title='bbox 897 2095 938 2147; x_wconf 87' lang='lat' dir='ltr'>Or.</span> <span class='ocrx_word' id='word_1_219' title='bbox 952 2096 1010 2163; x_wconf 91' lang='lat' dir='ltr'>Lep.</span> <span class='ocrx_word' id='word_1_220' title='bbox 1027 2100 1048 2149; x_wconf 90' lang='grc'>1.</span> <span class='ocrx_word' id='word_1_221' title='bbox 1073 2085 1141 2150; x_wconf 82' lang='lat' dir='ltr'>Uber</span> 
     </span>
     <span class='ocr_line' id='line_1_24' title="bbox 59 2161 1141 2231; baseline 0.002 -16"><span class='ocrx_word' id='word_1_222' title='bbox 59 2164 170 2230; x_wconf 79' lang='lat' dir='ltr'>(galea),</span> <span class='ocrx_word' id='word_1_223' title='bbox 187 2161 279 2215; x_wconf 86' lang='lat' dir='ltr'>kurzes</span> <span class='ocrx_word' id='word_1_224' title='bbox 297 2164 446 2228; x_wconf 88' lang='lat' dir='ltr'>spanisches</span> <span class='ocrx_word' id='word_1_225' title='bbox 459 2162 576 2215; x_wconf 86' lang='lat' dir='ltr'>Schwert</span> <span class='ocrx_word' id='word_1_226' title='bbox 628 2164 669 2214; x_wconf 90' lang='lat' dir='ltr'>die</span> <span class='ocrx_word' id='word_1_227' title='bbox 688 2163 863 2230; x_wconf 78' lang='lat' dir='ltr'>Auhnriplung</span> <span class='ocrx_word' id='word_1_228' title='bbox 890 2163 969 2216; x_wconf 87' lang='lat' dir='ltr'>durch</span> <span class='ocrx_word' id='word_1_229' title='bbox 991 2170 1016 2214; x_wconf 85' lang='lat' dir='ltr'>et</span> <span class='ocrx_word' id='word_1_230' title='bbox 1033 2167 1084 2231; x_wconf 78' lang='lat' dir='ltr'><strong>vgl.</strong></span> <span class='ocrx_word' id='word_1_231' title='bbox 1109 2182 1141 2217; x_wconf 91' lang='lat' dir='ltr'>zu</span> 
     </span>
     <span class='ocr_line' id='line_1_25' title="bbox 59 2230 706 2298; baseline -0.002 -15"><span class='ocrx_word' id='word_1_232' title='bbox 59 2231 146 2298; x_wconf 82' lang='lat' dir='ltr'>(glad.</span> <span class='ocrx_word' id='word_1_233' title='bbox 170 2230 292 2296; x_wconf 76' lang='lat' dir='ltr'>Hispan.)</span> <span class='ocrx_word' id='word_1_234' title='bbox 317 2230 369 2282; x_wconf 91' lang='lat' dir='ltr'>uud</span> <span class='ocrx_word' id='word_1_235' title='bbox 396 2233 453 2285; x_wconf 88' lang='lat' dir='ltr'>eine</span> <span class='ocrx_word' id='word_1_236' title='bbox 476 2232 575 2283; x_wconf 83' lang='lat' dir='ltr'>Auzabl</span> <span class='ocrx_word' id='word_1_237' title='bbox 629 2234 669 2294; x_wconf 80' lang='lat'>85,</span> <span class='ocrx_word' id='word_1_238' title='bbox 682 2233 706 2282; x_wconf 85' lang='lat'>3.</span> 
     </span>
    </p>

    <p class='ocr_par' dir='ltr' id='par_1_5' title="bbox 59 2297 1140 2567">
     <span class='ocr_line' id='line_1_26' title="bbox 59 2297 1140 2366; baseline 0.001 -15"><span class='ocrx_word' id='word_1_239' title='bbox 59 2300 163 2352; x_wconf 85' lang='lat' dir='ltr'>hleiuer</span> <span class='ocrx_word' id='word_1_240' title='bbox 186 2297 356 2364; x_wconf 82' lang='lat' dir='ltr'>Wurlspiel&#39;se</span> <span class='ocrx_word' id='word_1_241' title='bbox 382 2302 483 2362; x_wconf 78' lang='lat' dir='ltr'>(hastae</span> <span class='ocrx_word' id='word_1_242' title='bbox 508 2301 574 2350; x_wconf 78' lang='lat' dir='ltr'>veli·</span> <span class='ocrx_word' id='word_1_243' title='bbox 662 2304 685 2352; x_wconf 84' lang='lat'>5.</span> <span class='ocrx_word' id='word_1_244' title='bbox 703 2303 745 2350; x_wconf 83' lang='lat' dir='ltr'>uti</span> <span class='ocrx_word' id='word_1_245' title='bbox 757 2304 827 2351; x_wconf 83' lang='lat' dir='ltr'>erat:</span> <span class='ocrx_word' id='word_1_246' title='bbox 848 2300 1036 2366; x_wconf 83' lang='lat' dir='ltr'>persdulichzu</span> <span class='ocrx_word' id='word_1_247' title='bbox 1055 2301 1140 2354; x_wconf 84' lang='lat' dir='ltr'>lasseu</span> 
     </span>
     <span class='ocr_line' id='line_1_27' title="bbox 60 2365 1140 2435; baseline 0 -14"><span class='ocrx_word' id='word_1_248' title='bbox 60 2370 155 2433; x_wconf 81' lang='lat' dir='ltr'>tores).</span> <span class='ocrx_word' id='word_1_249' title='bbox 191 2365 365 2419; x_wconf 73' lang='lat' dir='ltr'>Remisehe</span> <span class='ocrx_word' id='word_1_250' title='bbox 383 2367 573 2434; x_wconf 78' lang='lat' dir='ltr'>Legionsiulau-</span> <span class='ocrx_word' id='word_1_251' title='bbox 627 2368 673 2418; x_wconf 88' lang='lat' dir='ltr'>mit</span> <span class='ocrx_word' id='word_1_252' title='bbox 685 2367 836 2434; x_wconf 75' lang='lat' dir='ltr'>Ergdnzung</span> <span class='ocrx_word' id='word_1_253' title='bbox 855 2384 906 2419; x_wconf 89' lang='lat' dir='ltr'>von</span> <span class='ocrx_word' id='word_1_254' title='bbox 924 2386 966 2418; x_wconf 80' lang='lat' dir='ltr'>res</span> <span class='ocrx_word' id='word_1_255' title='bbox 979 2409 984 2420; x_wconf 92' lang='lat'><em>.</em></span> <span class='ocrx_word' id='word_1_256' title='bbox 998 2405 1003 2420; x_wconf 93' lang='lat'>.</span> <span class='ocrx_word' id='word_1_257' title='bbox 1017 2406 1023 2420; x_wconf 91' lang='lat'><strong>.</strong></span> <span class='ocrx_word' id='word_1_258' title='bbox 1037 2373 1140 2435; x_wconf 58' lang='lat' dir='ltr'>quidm</span> 
     </span>
     <span class='ocr_line' id='line_1_28' title="bbox 60 2435 1140 2502; baseline 0.001 -14"><span class='ocrx_word' id='word_1_259' title='bbox 60 2437 136 2498; x_wconf 87' lang='lat' dir='ltr'>terie,</span> <span class='ocrx_word' id='word_1_260' title='bbox 155 2435 219 2486; x_wconf 85' lang='lat' dir='ltr'>auch</span> <span class='ocrx_word' id='word_1_261' title='bbox 232 2435 303 2487; x_wconf 85' lang='lat' dir='ltr'>nicht</span> <span class='ocrx_word' id='word_1_262' title='bbox 321 2435 420 2500; x_wconf 79' lang='lat' dir='ltr'>uelites,</span> <span class='ocrx_word' id='word_1_263' title='bbox 439 2451 492 2487; x_wconf 83' lang='lat' dir='ltr'>war</span> <span class='ocrx_word' id='word_1_264' title='bbox 506 2437 577 2488; x_wconf 92' lang='lat' dir='ltr'>uicht</span> <span class='ocrx_word' id='word_1_265' title='bbox 629 2451 674 2488; x_wconf 87' lang='lat' dir='ltr'>zur</span> <span class='ocrx_word' id='word_1_266' title='bbox 681 2435 993 2502; x_wconf 74' lang='lat' dir='ltr'>Verrollstdndiguugdes</span> <span class='ocrx_word' id='word_1_267' title='bbox 1001 2435 1140 2489; x_wconf 87' lang='lat' dir='ltr'>deutschen</span> 
     </span>
     <span class='ocr_line' id='line_1_29' title="bbox 61 2502 959 2567; baseline -0.001 -11"><span class='ocrx_word' id='word_1_268' title='bbox 61 2503 150 2556; x_wconf 87' lang='lat' dir='ltr'>dahei.</span> <span class='ocrx_word' id='word_1_269' title='bbox 629 2502 778 2555; x_wconf 83' lang='lat' dir='ltr'>Ausdrucks</span> <span class='ocrx_word' id='word_1_270' title='bbox 798 2519 818 2555; x_wconf 85' lang='lat' dir='ltr'>s.</span> <span class='ocrx_word' id='word_1_271' title='bbox 836 2506 959 2567; x_wconf 84' lang='grc'><strong>1153,1.</strong></span> 
     </span>
    </p>

    <p class='ocr_par' dir='ltr' id='par_1_6' title="bbox 57 2563 1141 2839">
     <span class='ocr_line' id='line_1_30' title="bbox 96 2563 1141 2636; baseline 0.001 -14"><span class='ocrx_word' id='word_1_272' title='bbox 96 2586 197 2636; x_wconf 79' lang='lat' dir='ltr'>neque:</span> <span class='ocrx_word' id='word_1_273' title='bbox 209 2566 269 2622; x_wconf 85' lang='lat' dir='ltr'>‘und</span> <span class='ocrx_word' id='word_1_274' title='bbox 282 2586 366 2622; x_wconf 85' lang='lat' dir='ltr'>zwar</span> <span class='ocrx_word' id='word_1_275' title='bbox 376 2563 464 2635; x_wconf 84' lang='lat' dir='ltr'>nieht&#39;,</span> <span class='ocrx_word' id='word_1_276' title='bbox 473 2571 576 2623; x_wconf 85' lang='lat' dir='ltr'>verbin-</span> <span class='ocrx_word' id='word_1_277' title='bbox 663 2570 729 2625; x_wconf 78' lang='grc'><strong>106.</strong></span> <span class='ocrx_word' id='word_1_278' title='bbox 749 2577 771 2624; x_wconf 92' lang='grc'>1.</span> <span class='ocrx_word' id='word_1_279' title='bbox 782 2576 861 2635; x_wconf 84' lang='lat' dir='ltr'>patre</span> <span class='ocrx_word' id='word_1_280' title='bbox 872 2572 992 2621; x_wconf 82' lang='lat' dir='ltr'>Boccho:</span> <span class='ocrx_word' id='word_1_281' title='bbox 1010 2571 1055 2622; x_wconf 88' lang='lat' dir='ltr'>das</span> <span class='ocrx_word' id='word_1_282' title='bbox 1068 2570 1141 2624; x_wconf 89' lang='lat' dir='ltr'>Nom.</span> 
     </span>
     <span class='ocr_line' id='line_1_31' title="bbox 59 2637 1140 2705; baseline -0.004 -11"><span class='ocrx_word' id='word_1_283' title='bbox 59 2641 108 2694; x_wconf 88' lang='lat' dir='ltr'>det</span> <span class='ocrx_word' id='word_1_284' title='bbox 126 2640 153 2688; x_wconf 90' lang='lat' dir='ltr'>in</span> <span class='ocrx_word' id='word_1_285' title='bbox 172 2638 246 2690; x_wconf 88' lang='lat' dir='ltr'>lreier</span> <span class='ocrx_word' id='word_1_286' title='bbox 263 2637 347 2690; x_wconf 82' lang='lat' dir='ltr'>Weiss</span> <span class='ocrx_word' id='word_1_287' title='bbox 365 2638 406 2689; x_wconf 88' lang='lat' dir='ltr'>die</span> <span class='ocrx_word' id='word_1_288' title='bbox 423 2639 577 2705; x_wconf 84' lang='lat' dir='ltr'>Appositiou</span> <span class='ocrx_word' id='word_1_289' title='bbox 630 2654 713 2705; x_wconf 91' lang='lat' dir='ltr'>propr.</span> <span class='ocrx_word' id='word_1_290' title='bbox 734 2639 814 2689; x_wconf 89' lang='lat' dir='ltr'>nehen</span> <span class='ocrx_word' id='word_1_291' title='bbox 835 2638 886 2689; x_wconf 88' lang='lat' dir='ltr'>und</span> <span class='ocrx_word' id='word_1_292' title='bbox 905 2638 968 2688; x_wconf 89' lang='lat' dir='ltr'>uach</span> <span class='ocrx_word' id='word_1_293' title='bbox 991 2637 1047 2689; x_wconf 90' lang='lat' dir='ltr'>dem</span> <span class='ocrx_word' id='word_1_294' title='bbox 1066 2639 1140 2691; x_wconf 89' lang='lat' dir='ltr'>Nom.</span> 
     </span>
     <span class='ocr_line' id='line_1_32' title="bbox 57 2705 1141 2773; baseline -0.004 -13"><span class='ocrx_word' id='word_1_295' title='bbox 57 2709 165 2760; x_wconf 80' lang='lat' dir='ltr'>muniti</span> <span class='ocrx_word' id='word_1_296' title='bbox 185 2706 232 2758; x_wconf 91' lang='lat' dir='ltr'>mit</span> <span class='ocrx_word' id='word_1_297' title='bbox 255 2722 314 2757; x_wconf 82' lang='lat' dir='ltr'>eum</span> <span class='ocrx_word' id='word_1_298' title='bbox 337 2707 385 2757; x_wconf 86' lang='lat' dir='ltr'>vel.</span> <span class='ocrx_word' id='word_1_299' title='bbox 413 2710 496 2757; x_wconf 78' lang='lat' dir='ltr'>armis</span> <span class='ocrx_word' id='word_1_300' title='bbox 517 2706 542 2758; x_wconf 87' lang='lat' dir='ltr'>d.</span> <span class='ocrx_word' id='word_1_301' title='bbox 561 2707 577 2758; x_wconf 90' lang='lat' dir='ltr'>i.</span> <span class='ocrx_word' id='word_1_302' title='bbox 631 2706 734 2773; x_wconf 76' lang='lat' dir='ltr'>appell,</span> <span class='ocrx_word' id='word_1_303' title='bbox 752 2706 812 2757; x_wconf 86' lang='lat' dir='ltr'>weil</span> <span class='ocrx_word' id='word_1_304' title='bbox 831 2705 876 2756; x_wconf 89' lang='lat' dir='ltr'>der</span> <span class='ocrx_word' id='word_1_305' title='bbox 895 2705 956 2756; x_wconf 85' lang='lat' dir='ltr'>Sino</span> <span class='ocrx_word' id='word_1_306' title='bbox 975 2706 1021 2756; x_wconf 88' lang='lat' dir='ltr'>ist:</span> <span class='ocrx_word' id='word_1_307' title='bbox 1042 2707 1141 2758; x_wconf 81' lang='lat' dir='ltr'>Bocchi</span> 
     </span>
     <span class='ocr_line' id='line_1_33' title="bbox 59 2772 948 2839; baseline -0.004 -11"><span class='ocrx_word' id='word_1_308' title='bbox 59 2776 258 2838; x_wconf 72' lang='grc'><strong>1111111111(-</strong></span> <span class='ocrx_word' id='word_1_309' title='bbox 276 2777 297 2839; x_wconf 76' lang='lat' dir='ltr'>i)</span> <span class='ocrx_word' id='word_1_310' title='bbox 314 2775 362 2824; x_wconf 87' lang='lat' dir='ltr'>oel.</span> <span class='ocrx_word' id='word_1_311' title='bbox 382 2778 472 2826; x_wconf 76' lang='lat' dir='ltr'>amnis.</span> <span class='ocrx_word' id='word_1_312' title='bbox 630 2779 719 2825; x_wconf 83' lang='lat' dir='ltr'>autem</span> <span class='ocrx_word' id='word_1_313' title='bbox 736 2791 764 2824; x_wconf 79' lang='lat' dir='ltr'>aa</span> <span class='ocrx_word' id='word_1_314' title='bbox 781 2790 836 2824; x_wconf 75' lang='lat' dir='ltr'>erae</span> <span class='ocrx_word' id='word_1_315' title='bbox 853 2772 948 2834; x_wconf 83' lang='lat' dir='ltr'>filium.</span> 
     </span>
    </p>

    <p class='ocr_par' dir='ltr' id='par_1_7' title="bbox 59 2841 1142 3182">
     <span class='ocr_line' id='line_1_34' title="bbox 97 2841 1120 2908; baseline -0.004 -12"><span class='ocrx_word' id='word_1_316' title='bbox 97 2846 122 2896; x_wconf 83' lang='lat'>3.</span> <span class='ocrx_word' id='word_1_317' title='bbox 141 2842 332 2908; x_wconf 77' lang='lat' dir='ltr'>denique:vql.</span> <span class='ocrx_word' id='word_1_318' title='bbox 347 2845 440 2905; x_wconf 85' lang='grc'><strong>101,1.</strong></span> <span class='ocrx_word' id='word_1_319' title='bbox 465 2841 508 2894; x_wconf 89' lang='lat' dir='ltr'>Bis</span> <span class='ocrx_word' id='word_1_320' title='bbox 520 2858 578 2894; x_wconf 84' lang='lat' dir='ltr'>zum</span> <span class='ocrx_word' id='word_1_321' title='bbox 665 2845 687 2894; x_wconf 79' lang='grc'>1.</span> <span class='ocrx_word' id='word_1_322' title='bbox 708 2843 809 2894; x_wconf 84' lang='lat' dir='ltr'>locata:</span> <span class='ocrx_word' id='word_1_323' title='bbox 828 2857 854 2893; x_wconf 93' lang='lat' dir='ltr'>er</span> <span class='ocrx_word' id='word_1_324' title='bbox 874 2882 879 2894; x_wconf 92' lang='lat'>.</span> <span class='ocrx_word' id='word_1_325' title='bbox 898 2846 972 2902; x_wconf 74' lang='lat' dir='ltr'>sunt,</span> <span class='ocrx_word' id='word_1_326' title='bbox 992 2855 1022 2892; x_wconf 89' lang='lat' dir='ltr'>zu</span> <span class='ocrx_word' id='word_1_327' title='bbox 1043 2845 1083 2905; x_wconf 85' lang='grc'>19,</span> <span class='ocrx_word' id='word_1_328' title='bbox 1096 2846 1120 2894; x_wconf 86' lang='grc'>4.</span> 
     </span>
     <span class='ocr_line' id='line_1_35' title="bbox 59 2857 1141 2977; baseline -0.006 -10"><span class='ocrx_word' id='word_1_329' title='bbox 59 2911 165 2966; x_wconf 80' lang='grc'><strong>1111111</strong></span> <span class='ocrx_word' id='word_1_330' title='bbox 183 2908 254 2977; x_wconf 81' lang='lat' dir='ltr'>Tage</span> <span class='ocrx_word' id='word_1_331' title='bbox 272 2910 383 2976; x_wconf 73' lang='lat' dir='ltr'>geschah</span> <span class='ocrx_word' id='word_1_332' title='bbox 402 2911 461 2962; x_wconf 84' lang='lat' dir='ltr'>heiu</span> <span class='ocrx_word' id='word_1_333' title='bbox 480 2909 581 2976; x_wconf 80' lang='lat' dir='ltr'>hugrill</span> <span class='ocrx_word' id='word_1_334' title='bbox 664 2913 706 2961; x_wconf 82' lang='lat' dir='ltr'>uti</span> <span class='ocrx_word' id='word_1_335' title='bbox 723 2947 729 2962; x_wconf 92' lang='lat'>.</span> <span class='ocrx_word' id='word_1_336' title='bbox 748 2947 754 2962; x_wconf 91' lang='lat'><strong>.</strong></span> <span class='ocrx_word' id='word_1_337' title='bbox 773 2948 780 2962; x_wconf 83' lang='lat'><strong>.</strong></span> <span class='ocrx_word' id='word_1_338' title='bbox 797 2857 971 2976; x_wconf 43' lang='lat' dir='ltr'>profugeret,</span> <span class='ocrx_word' id='word_1_339' title='bbox 988 2916 1080 2974; x_wconf 83' lang='lat' dir='ltr'>rogat:</span> <span class='ocrx_word' id='word_1_340' title='bbox 1100 2910 1141 2961; x_wconf 89' lang='lat' dir='ltr'>die</span> 
     </span>
     <span class='ocr_line' id='line_1_36' title="bbox 59 2977 1141 3044; baseline -0.005 -11"><span class='ocrx_word' id='word_1_341' title='bbox 59 2982 126 3034; x_wconf 89' lang='lat' dir='ltr'>oder</span> <span class='ocrx_word' id='word_1_342' title='bbox 162 2984 235 3030; x_wconf 89' lang='lat' dir='ltr'>soust</span> <span class='ocrx_word' id='word_1_343' title='bbox 269 2984 350 3030; x_wconf 87' lang='lat' dir='ltr'>etwas</span> <span class='ocrx_word' id='word_1_344' title='bbox 379 2978 575 3031; x_wconf 84' lang='lat' dir='ltr'>Aulserordent·</span> <span class='ocrx_word' id='word_1_345' title='bbox 629 2979 727 3044; x_wconf 78' lang='lat' dir='ltr'>eiuzige</span> <span class='ocrx_word' id='word_1_346' title='bbox 747 2977 826 3030; x_wconf 87' lang='lat' dir='ltr'>Stelle</span> <span class='ocrx_word' id='word_1_347' title='bbox 845 2979 887 3030; x_wconf 90' lang='lat' dir='ltr'>bei</span> <span class='ocrx_word' id='word_1_348' title='bbox 906 2977 1014 3041; x_wconf 89' lang='lat' dir='ltr'>Sallust,</span> <span class='ocrx_word' id='word_1_349' title='bbox 1037 2993 1077 3028; x_wconf 90' lang='lat' dir='ltr'>wo</span> <span class='ocrx_word' id='word_1_350' title='bbox 1097 2977 1141 3029; x_wconf 88' lang='lat' dir='ltr'>der</span> 
     </span>
     <span class='ocr_line' id='line_1_37' title="bbox 60 3045 1141 3111; baseline -0.004 -11"><span class='ocrx_word' id='word_1_351' title='bbox 60 3048 159 3107; x_wconf 88' lang='lat' dir='ltr'>liches;</span> <span class='ocrx_word' id='word_1_352' title='bbox 178 3050 231 3098; x_wconf 82' lang='lat' dir='ltr'>eret</span> <span class='ocrx_word' id='word_1_353' title='bbox 248 3047 279 3098; x_wconf 88' lang='grc'>11</span> <span class='ocrx_word' id='word_1_354' title='bbox 292 3048 407 3100; x_wconf 78' lang='grc'><strong>11111111</strong></span> <span class='ocrx_word' id='word_1_355' title='bbox 421 3051 576 3099; x_wconf 83' lang='lat' dir='ltr'>uuerwartet</span> <span class='ocrx_word' id='word_1_356' title='bbox 628 3045 705 3099; x_wconf 88' lang='lat' dir='ltr'>finale</span> <span class='ocrx_word' id='word_1_357' title='bbox 727 3046 904 3111; x_wconf 79' lang='lat' dir='ltr'>Ohjelstivsatz</span> <span class='ocrx_word' id='word_1_358' title='bbox 929 3045 980 3097; x_wconf 88' lang='lat' dir='ltr'>und</span> <span class='ocrx_word' id='word_1_359' title='bbox 1003 3062 1072 3096; x_wconf 89' lang='lat' dir='ltr'>zwar</span> <span class='ocrx_word' id='word_1_360' title='bbox 1095 3048 1141 3097; x_wconf 87' lang='lat' dir='ltr'>mit</span> 
     </span>
     <span class='ocr_line' id='line_1_38' title="bbox 60 3113 1142 3182; baseline -0.006 -12"><span class='ocrx_word' id='word_1_361' title='bbox 60 3114 575 3180; x_wconf 68' lang='grc'><strong>1111811111,11111111111111111111.</strong></span> <span class='ocrx_word' id='word_1_362' title='bbox 629 3116 700 3167; x_wconf 83' lang='lat' dir='ltr'>Coui.</span> <span class='ocrx_word' id='word_1_363' title='bbox 727 3113 799 3182; x_wconf 90' lang='lat' dir='ltr'>lmpl.</span> <span class='ocrx_word' id='word_1_364' title='bbox 831 3114 888 3166; x_wconf 90' lang='lat' dir='ltr'>dem</span> <span class='ocrx_word' id='word_1_365' title='bbox 915 3114 1069 3181; x_wconf 88' lang='lat' dir='ltr'>llauplsatze</span> <span class='ocrx_word' id='word_1_366' title='bbox 1096 3115 1142 3164; x_wconf 88' lang='lat' dir='ltr'>mit</span> 
     </span>
    </p>

    <p class='ocr_par' dir='ltr' id='par_1_8' title="bbox 61 3181 1142 3728">
     <span class='ocr_line' id='line_1_39' title="bbox 99 3181 1140 3250; baseline -0.001 -15"><span class='ocrx_word' id='word_1_367' title='bbox 99 3186 148 3250; x_wconf 81' lang='lat' dir='ltr'>qui</span> <span class='ocrx_word' id='word_1_368' title='bbox 166 3223 172 3236; x_wconf 95' lang='lat'><strong>.</strong></span> <span class='ocrx_word' id='word_1_369' title='bbox 190 3221 197 3235; x_wconf 90' lang='lat'><strong>.</strong></span> <span class='ocrx_word' id='word_1_370' title='bbox 217 3223 222 3235; x_wconf 93' lang='lat'>.</span> <span class='ocrx_word' id='word_1_371' title='bbox 241 3181 408 3246; x_wconf 74' lang='lat' dir='ltr'>efficiebant:</span> <span class='ocrx_word' id='word_1_372' title='bbox 427 3183 576 3236; x_wconf 76' lang='grc' dir='ltr'><strong>111Ρ1111·</strong></span> <span class='ocrx_word' id='word_1_373' title='bbox 628 3182 1140 3250; x_wconf 61' lang='grc' dir='ltr'><strong>Ρ1111.11111.1οτ11111111;13111011.</strong></span> 
     </span>
     <span class='ocr_line' id='line_1_40' title="bbox 61 3251 706 3315; baseline -0.002 -10"><span class='ocrx_word' id='word_1_374' title='bbox 61 3253 110 3305; x_wconf 86' lang='lat' dir='ltr'>het</span> <span class='ocrx_word' id='word_1_375' title='bbox 132 3251 202 3304; x_wconf 85' lang='lat' dir='ltr'>steht</span> <span class='ocrx_word' id='word_1_376' title='bbox 228 3252 253 3302; x_wconf 90' lang='lat' dir='ltr'>iu</span> <span class='ocrx_word' id='word_1_377' title='bbox 278 3251 485 3305; x_wconf 86' lang='lat' dir='ltr'>verschiedeuem</span> <span class='ocrx_word' id='word_1_378' title='bbox 513 3251 575 3304; x_wconf 86' lang='lat' dir='ltr'>Sina</span> <span class='ocrx_word' id='word_1_379' title='bbox 628 3254 706 3315; x_wconf 74' lang='grc'><strong>151.</strong></span> 
     </span>
     <span class='ocr_line' id='line_1_41' title="bbox 62 3317 1141 3385; baseline -0.006 -12"><span class='ocrx_word' id='word_1_380' title='bbox 62 3323 105 3373; x_wconf 80' lang='lat' dir='ltr'>tur</span> <span class='ocrx_word' id='word_1_381' title='bbox 122 3320 165 3372; x_wconf 88' lang='lat' dir='ltr'>die</span> <span class='ocrx_word' id='word_1_382' title='bbox 183 3318 275 3371; x_wconf 84' lang='lat' dir='ltr'>beiden</span> <span class='ocrx_word' id='word_1_383' title='bbox 293 3319 417 3385; x_wconf 77' lang='lat' dir='ltr'>Ohjelste‚</span> <span class='ocrx_word' id='word_1_384' title='bbox 436 3321 461 3372; x_wconf 87' lang='lat' dir='ltr'>in</span> <span class='ocrx_word' id='word_1_385' title='bbox 484 3320 576 3372; x_wconf 89' lang='lat' dir='ltr'>besou-</span> <span class='ocrx_word' id='word_1_386' title='bbox 662 3320 687 3373; x_wconf 83' lang='grc'>3.</span> <span class='ocrx_word' id='word_1_387' title='bbox 704 3321 885 3384; x_wconf 77' lang='lat' dir='ltr'>potiusquam</span> <span class='ocrx_word' id='word_1_388' title='bbox 959 3323 1096 3382; x_wconf 74' lang='lat' dir='ltr'>parceret:</span> <span class='ocrx_word' id='word_1_389' title='bbox 1116 3317 1141 3368; x_wconf 90' lang='lat' dir='ltr'>in</span> 
     </span>
     <span class='ocr_line' id='line_1_42' title="bbox 63 3385 1141 3454; baseline -0.006 -13"><span class='ocrx_word' id='word_1_390' title='bbox 63 3386 576 3454; x_wconf 56' lang='grc'><strong>111111111111111111111111111111</strong></span> <span class='ocrx_word' id='word_1_391' title='bbox 628 3387 739 3439; x_wconf 88' lang='lat' dir='ltr'>direkter</span> <span class='ocrx_word' id='word_1_392' title='bbox 762 3386 830 3438; x_wconf 90' lang='lat' dir='ltr'>Rede</span> <span class='ocrx_word' id='word_1_393' title='bbox 854 3385 942 3437; x_wconf 81' lang='lat' dir='ltr'>wdrde</span> <span class='ocrx_word' id='word_1_394' title='bbox 966 3385 1011 3436; x_wconf 87' lang='lat' dir='ltr'>das</span> <span class='ocrx_word' id='word_1_395' title='bbox 1032 3385 1141 3436; x_wconf 89' lang='lat' dir='ltr'>Verbum</span> 
     </span>
     <span class='ocr_line' id='line_1_43' title="bbox 62 3451 1142 3522; baseline -0.006 -12"><span class='ocrx_word' id='word_1_396' title='bbox 62 3459 102 3511; x_wconf 88' lang='lat' dir='ltr'>sie</span> <span class='ocrx_word' id='word_1_397' title='bbox 115 3456 238 3508; x_wconf 85' lang='lat' dir='ltr'>brachteu</span> <span class='ocrx_word' id='word_1_398' title='bbox 248 3455 289 3507; x_wconf 92' lang='lat' dir='ltr'>die</span> <span class='ocrx_word' id='word_1_399' title='bbox 302 3455 514 3522; x_wconf 75' lang='lat' dir='ltr'>Vorstelluug</span> <span class='ocrx_word' id='word_1_400' title='bbox 526 3471 577 3507; x_wconf 83' lang='lat' dir='ltr'>rou</span> <span class='ocrx_word' id='word_1_401' title='bbox 630 3455 675 3507; x_wconf 89' lang='lat' dir='ltr'>des</span> <span class='ocrx_word' id='word_1_402' title='bbox 694 3454 982 3520; x_wconf 76' lang='lat' dir='ltr'>Vergleichungssatzes</span> <span class='ocrx_word' id='word_1_403' title='bbox 1000 3453 1034 3503; x_wconf 89' lang='lat' dir='ltr'>im</span> <span class='ocrx_word' id='word_1_404' title='bbox 1049 3451 1142 3505; x_wconf 85' lang='lat' dir='ltr'>Poten-</span> 
     </span>
     <span class='ocr_line' id='line_1_44' title="bbox 64 3521 1141 3591; baseline -0.006 -14"><span class='ocrx_word' id='word_1_405' title='bbox 64 3523 579 3591; x_wconf 64' lang='grc' dir='ltr'><strong>11113ῐό1111Ζ111111131,1111ι1</strong></span> <span class='ocrx_word' id='word_1_406' title='bbox 631 3523 699 3575; x_wconf 92' lang='lat' dir='ltr'>tialis</span> <span class='ocrx_word' id='word_1_407' title='bbox 729 3523 773 3574; x_wconf 87' lang='lat' dir='ltr'>der</span> <span class='ocrx_word' id='word_1_408' title='bbox 796 3522 951 3588; x_wconf 80' lang='lat' dir='ltr'>Gegenwart</span> <span class='ocrx_word' id='word_1_409' title='bbox 979 3521 1141 3581; x_wconf 73' lang='lat' dir='ltr'>euschemon,</span> 
     </span>
     <span class='ocr_line' id='line_1_45' title="bbox 63 3588 1141 3659; baseline -0.006 -13"><span class='ocrx_word' id='word_1_410' title='bbox 63 3594 107 3646; x_wconf 87' lang='lat' dir='ltr'>die</span> <span class='ocrx_word' id='word_1_411' title='bbox 131 3592 195 3644; x_wconf 87' lang='lat' dir='ltr'>Zahl</span> <span class='ocrx_word' id='word_1_412' title='bbox 218 3592 330 3645; x_wconf 88' lang='lat' dir='ltr'>selbst.</span> <span class='ocrx_word' id='word_1_413' title='bbox 366 3592 402 3645; x_wconf 86' lang='lat' dir='ltr'>Zu</span> <span class='ocrx_word' id='word_1_414' title='bbox 425 3593 579 3659; x_wconf 85' lang='lat' dir='ltr'>ampliorem</span> <span class='ocrx_word' id='word_1_415' title='bbox 630 3607 710 3657; x_wconf 79' lang='lat' dir='ltr'>quam</span> <span class='ocrx_word' id='word_1_416' title='bbox 728 3596 760 3640; x_wconf 81' lang='lat' dir='ltr'>ut</span> <span class='ocrx_word' id='word_1_417' title='bbox 781 3590 860 3641; x_wconf 85' lang='lat' dir='ltr'>keuut</span> <span class='ocrx_word' id='word_1_418' title='bbox 880 3590 976 3641; x_wconf 85' lang='lat' dir='ltr'>Sallust</span> <span class='ocrx_word' id='word_1_419' title='bbox 994 3589 1072 3654; x_wconf 87' lang='lat' dir='ltr'>nicht,</span> <span class='ocrx_word' id='word_1_420' title='bbox 1090 3588 1141 3653; x_wconf 81' lang='lat' dir='ltr'><strong>vgl.</strong></span> 
     </span>
     <span class='ocr_line' id='line_1_46' title="bbox 62 3658 960 3728; baseline -0.006 -14"><span class='ocrx_word' id='word_1_421' title='bbox 62 3678 128 3714; x_wconf 82' lang='lat' dir='ltr'>vero</span> <span class='ocrx_word' id='word_1_422' title='bbox 142 3660 310 3728; x_wconf 65' lang='grc'><strong>11111151,</strong></span> <span class='ocrx_word' id='word_1_423' title='bbox 322 3665 578 3727; x_wconf 74' lang='lat' dir='ltr'>ttgraotosaeqoo.</span> <span class='ocrx_word' id='word_1_424' title='bbox 631 3661 684 3710; x_wconf 86' lang='lat' dir='ltr'>Gal.</span> <span class='ocrx_word' id='word_1_425' title='bbox 699 3661 739 3721; x_wconf 88' lang='grc'>58,</span> <span class='ocrx_word' id='word_1_426' title='bbox 752 3661 797 3719; x_wconf 83' lang='lat'>21;</span> <span class='ocrx_word' id='word_1_427' title='bbox 816 3658 869 3724; x_wconf 81' lang='lat' dir='ltr'>lug.</span> <span class='ocrx_word' id='word_1_428' title='bbox 882 3661 924 3723; x_wconf 75' lang='lat' dir='ltr'>tl,</span> <span class='ocrx_word' id='word_1_429' title='bbox 936 3660 960 3711; x_wconf 82' lang='lat'>9.</span> 
     </span>
    </p>

    <p class='ocr_par' dir='ltr' id='par_1_9' title="bbox 63 3719 1143 3864">
     <span class='ocr_line' id='line_1_47' title="bbox 63 3719 1143 3789; baseline -0.007 -7"><span class='ocrx_word' id='word_1_430' title='bbox 63 3731 169 3783; x_wconf 82' lang='lat' dir='ltr'>Ebenso</span> <span class='ocrx_word' id='word_1_431' title='bbox 192 3726 256 3780; x_wconf 80' lang='lat' dir='ltr'>lrurz</span> <span class='ocrx_word' id='word_1_432' title='bbox 280 3730 400 3781; x_wconf 81' lang='lat' dir='ltr'>hostilem</span> <span class='ocrx_word' id='word_1_433' title='bbox 418 3735 515 3780; x_wconf 83' lang='lat' dir='ltr'>metum</span> <span class='ocrx_word' id='word_1_434' title='bbox 540 3728 579 3780; x_wconf 77' lang='lat' dir='ltr'>liu</span> <span class='ocrx_word' id='word_1_435' title='bbox 664 3730 688 3779; x_wconf 84' lang='lat'>4.</span> <span class='ocrx_word' id='word_1_436' title='bbox 712 3733 804 3779; x_wconf 83' lang='lat' dir='ltr'>noctu:</span> <span class='ocrx_word' id='word_1_437' title='bbox 827 3721 903 3779; x_wconf 86' lang='lat' dir='ltr'>‘noch</span> <span class='ocrx_word' id='word_1_438' title='bbox 926 3726 951 3776; x_wconf 89' lang='lat' dir='ltr'>iu</span> <span class='ocrx_word' id='word_1_439' title='bbox 977 3725 1021 3776; x_wconf 91' lang='lat' dir='ltr'>der</span> <span class='ocrx_word' id='word_1_440' title='bbox 1043 3719 1143 3789; x_wconf 88' lang='lat' dir='ltr'>Nacht’,</span> 
     </span>
     <span class='ocr_line' id='line_1_48' title="bbox 63 3795 752 3864; baseline -0.004 -13"><span class='ocrx_word' id='word_1_441' title='bbox 63 3804 165 3851; x_wconf 82' lang='lat' dir='ltr'>metum</span> <span class='ocrx_word' id='word_1_442' title='bbox 177 3799 309 3853; x_wconf 72' lang='lat' dir='ltr'>pedester</span> <span class='ocrx_word' id='word_1_443' title='bbox 322 3804 421 3859; x_wconf 76' lang='lat' dir='ltr'>ereenl3</span> <span class='ocrx_word' id='word_1_444' title='bbox 434 3798 486 3864; x_wconf 78' lang='lat' dir='ltr'><strong>vgl.</strong></span> <span class='ocrx_word' id='word_1_445' title='bbox 499 3799 541 3862; x_wconf 84' lang='grc'>58,</span> <span class='ocrx_word' id='word_1_446' title='bbox 553 3800 577 3849; x_wconf 88' lang='grc'>4.</span> <span class='ocrx_word' id='word_1_447' title='bbox 633 3797 682 3847; x_wconf 84' lang='lat' dir='ltr'>wie</span> <span class='ocrx_word' id='word_1_448' title='bbox 700 3795 716 3864; x_wconf 64' lang='grc' dir='ltr'><strong>ξ</strong></span> <span class='ocrx_word' id='word_1_449' title='bbox 730 3799 752 3848; x_wconf 81' lang='grc'>2.</span> 
     </span>
    </p>
   </div>
   <div class='ocr_carea' id='block_1_4' title="bbox 938 3877 987 3929">
    <p class='ocr_par' dir='ltr' id='par_1_10' title="bbox 938 3877 987 3929">
     <span class='ocr_line' id='line_1_49' title="bbox 938 3877 987 3929; baseline -0.02 0"><span class='ocrx_word' id='word_1_450' title='bbox 938 3877 987 3929; x_wconf 81' lang='grc'>15*</span> 
     </span>
    </p>
   </div>
   <div class='ocr_carea' id='block_1_5' title="bbox 0 0 1254 4260">
    <p class='ocr_par' dir='ltr' id='par_1_11' title="bbox 0 0 1254 4260">
     <span class='ocr_line' id='line_1_50' title="bbox 0 0 1254 4260; baseline 0 0"><span class='ocrx_word' id='word_1_451' title='bbox 0 0 1254 4260; x_wconf 95' lang='lat' dir='ltr'> </span> 
     </span>
    </p>
   </div>
  </div>
 </body>
</html>
