2498 4276
140 138 200 196 174
521 141 548 194 G.
567 138 722 192 SALLVSTl
739 138 841 192 CRlSPl

137 313 251 392 legatus
266 322 316 373 ant
331 311 470 374 tribunus
493 312 630 385 curabat,
653 331 688 373 eo
711 330 864 373 acerrume
881 311 952 384 niti,
976 330 1075 390 neque
1099 310 1210 371 aliusin

137 398 193 459 alio
210 397 302 476 magis
318 416 405 477 quam
418 398 448 458 in
461 416 526 459 sese
537 417 620 478 spem
631 397 759 473 habere;
775 398 945 476 pariterque
957 397 1101 477 oppidani
1114 413 1209 476 agere:

137 499 310 563 oppugnare
326 492 377 544 aut
391 501 496 563 parare
512 483 651 544 omnibus
673 484 761 556 loeis,
784 483 895 543 avidius
910 483 994 543 alteri
1016 483 1129 543 alteros
1151 499 1210 543 sau·

98 569 213 629 toiare
232 586 319 647 quam
342 579 436 630 semet
458 577 575 647 tegere;
598 569 709 630 elamor
731 569 894 647 permixtus
917 567 1085 629 hortatione
1109 566 1210 627 laetitia

134 654 263 732 gemitu,
286 654 356 714 item
372 653 513 733 strepitus
529 671 677 715 armorum
700 653 735 713 ad
751 654 864 714 caelum
880 653 967 728 ferri3
991 653 1050 713 tela
1066 653 1210 730 utrimque

96 739 240 800 avolare.
278 738 328 799 sed
352 739 408 811 illi,
437 739 487 817 qui
510 739 626 800 moenia
657 737 866 812 defensabant,
898 736 947 798 ubi
970 739 1070 800 hostes
1094 738 1209 818 paulum

135 825 223 885 modo
238 841 369 903 pugnam
385 824 575 898 remiserant,
599 824 706 885 intenti
722 824 867 903 proelium
887 832 1026 902 equestre
1042 831 1209 902 prospecu-

96 918 111 967 4
132 908 221 982 bant;
245 927 311 981 eos,
335 909 377 969 uti
393 927 527 987 quaeque
543 909 701 987 Iugurthae
725 918 889 980 reserant,
912 910 1004 969 laetos
1020 909 1111 970 modo
1128 907 1207 968 modo

133 995 253 1074 pavidos
265 993 523 1067 animadvorteres,
539 1012 582 1068 ao,
599 995 685 1055 siouti
701 994 795 1056 audiri
811 1013 827 1054 a
843 994 903 1056 suis
919 1004 968 1054 aut
984 994 1068 1054 cerui
1081 1003 1207 1073 possent,

132 1097 255 1139 monere
271 1078 318 1139 alii
335 1079 382 1139 alii
398 1080 519 1155 hortari,
542 1088 592 1141 aut
606 1098 698 1141 manu
718 1080 885 1158 significare
901 1090 951 1140 aut
967 1079 1019 1140 uiti
1036 1077 1208 1159 corporibus

96 1174 111 1222 ι
133 1174 162 1225 et
174 1183 206 1225 ea
218 1165 277 1224 buo
290 1174 319 1224 et
330 1164 409 1236 illuc,
425 1166 507 1243 quasi
519 1165 670 1226 vitabundi
684 1174 733 1225 aut
749 1165 889 1226 iacientes
900 1165 966 1237 tela,
982 1164 1108 1242 agitare.
1135 1162 1208 1242 quod

133 1249 184 1310 ubi
200 1249 291 1310 llario
312 1250 464 1329 cognitum
481 1259 525 1311 est
539 1285 581 1295 -
597 1268 665 1311 nam
679 1251 704 1311 is
719 1251 748 1310 iu
773 1268 805 1310 ea
821 1259 905 1329 parte
928 1250 1050 1311 ourabat
1065 1283 1118 1322 -,
1142 1267 1207 1310 oon·

132 1335 209 1396 sulto
226 1334 322 1396 lenius
338 1354 424 1415 agere
440 1354 474 1396 ac
490 1335 681 1396 diffidentiam
697 1336 740 1395 rei
755 1336 903 1407 simulare,
919 1336 979 1414 pati
991 1333 1135 1395 Numidas
1149 1335 1207 1396 sine

95 1428 111 1479 6
132 1421 260 1482 tumultu
282 1420 360 1501 regis
376 1421 521 1500 proelium
538 1421 640 1482 risere.
671 1422 709 1482 ita
726 1421 781 1482 illis
797 1421 893 1481 studio
916 1437 1039 1481 suorum
1054 1418 1207 1490 adstrictis,

131 1515 254 1587 repente
270 1524 375 1583 magna
391 1507 416 1565 vi
436 1524 552 1566 murum
567 1507 750 1586 aggreditur3
767 1514 796 1566 et
811 1507 867 1566 iam
885 1505 970 1566 soalis
981 1505 1093 1583 egressi
1105 1504 1207 1586 milites

131 1610 225 1671 prope
241 1610 353 1652 summa
369 1600 519 1671 ceperant,
536 1610 603 1651 oum
619 1592 759 1671 oppidani
772 1600 966 1662 concurrunt,
982 1590 1097 1669 lapides
1112 1590 1206 1668 ignem

94 1687 108 1735 ἰ
131 1677 185 1737 alia
201 1687 354 1757 praeterea
377 1676 432 1736 tela
449 1677 599 1755 ingerunt.
631 1677 725 1739 nostri
747 1677 842 1758 primo
861 1677 996 1737 resistere
1003 1693 1011 1751 ;
1036 1675 1144 1736 deinde
1161 1672 1206 1734 ubi

130 1781 207 1824 unae
223 1772 310 1840 atque
325 1763 432 1822 alterae
448 1762 542 1822 soalae
559 1765 767 1834 comminutae,
785 1763 836 1841 qui
853 1770 1097 1841 supersteterant,
1114 1757 1205 1820 adfioti

128 1858 208 1921 sunt,
221 1847 320 1920 ceteri,
334 1866 453 1925 quoquo
466 1849 555 1908 modo
567 1855 701 1927 potuere,
717 1848 803 1928 pauni
815 1847 932 1925 integri,
948 1862 1056 1925 magna
1066 1863 1138 1924 pars
1149 1844 1205 1905 vol-

92 1940 107 1991 8
130 1935 252 1994 neribus
263 1933 391 1994 eonleoti
403 1932 524 1993 abeunt.
547 1933 676 2011 denique
691 1933 838 2011 utrimque
851 1931 996 2011 proelium
1010 1949 1070 1991 nox
1083 1929 1203 1991 diremit

77 2022 114 2078 61
215 2018 362 2090 Metellus,
378 2026 535 2096 postquam
550 2018 627 2078 videt
643 2019 751 2079 frustra
767 2019 935 2097 inceptum,
951 2034 1050 2094 neque
1066 2014 1204 2095 oppidum

131 2104 212 2182 capi,
236 2121 334 2180 neque
350 2102 520 2180 Iugurtham
536 2103 593 2163 nisi
609 2121 645 2163 ex
666 2103 780 2164 insidiis
801 2111 851 2164 aut
865 2123 918 2164 suo
935 2102 999 2161 looo
1015 2118 1149 2179 pugnam
1163 2100 1202 2160 la·

128 2206 211 2260 cere,
235 2198 264 2248 et
279 2188 335 2248 iam
351 2196 490 2248 aestatem
513 2198 642 2249 exactam
658 2207 739 2261 esse,
761 2187 798 2248 ab
814 2188 900 2248 Zama
918 2185 1041 2248 discedit
1064 2187 1140 2247 etin
1163 2185 1201 2245 eis

160 2320 210 2376 dd.
226 2324 248 2372 l.
262 2323 518 2372 eoaoerromeniti:
537 2321 639 2387 eo,wie
691 2325 779 2386 cerni,
806 2321 877 2373 nieht
897 2320 1009 2384 videri),
1038 2320 1104 2372 anob
1130 2332 1201 2369 weun

127 2397 208 2450 sonet,
227 2387 296 2439 lokal
309 2388 360 2440 und
374 2389 513 2441 borrelativ
530 2405 562 2441 zu
580 2392 638 2440 udi:
690 2389 745 2441 dies
771 2388 889 2440 wirklieh
914 2387 984 2440 niebt
1006 2387 1050 2439 der
1068 2386 1124 2439 Fall
1143 2401 1201 2438 wer.

122 2452 217 2523 ‘gegeu
242 2456 283 2508 die
306 2457 387 2509 Stelle
410 2457 456 2509 der
472 2456 574 2519 blauer,
597 2472 638 2508 wo
723 2474 830 2509 monere
843 2497 848 2509 .
862 2497 869 2511 .
882 2495 889 2509 .
902 2459 1007 2509 bertari
1015 2475 1021 2507 :
1032 2447 1127 2509 ‘rielen
1141 2469 1201 2506 wer·

127 2562 176 2590 ...,
188 2525 297 2577 riobtete
307 2541 335 2578 er
343 2527 413 2578 seiue
423 2527 638 2593 Anslrengnngen
689 2526 756 2577 uend
769 2563 776 2580 .
789 2565 796 2578 .
811 2564 827 2589 .,
845 2523 1009 2578 ermuuternd
1028 2517 1078 2575 zu'.

127 2594 173 2645 mit
193 2594 257 2646 aller
274 2587 363 2646 llralt’.
722 2597 777 2644 niti
803 2596 971 2658 corporibus:
1000 2591 1144 2658 Gegensnlz
1171 2605 1199 2642 zu

160 2678 329 2729 oppugnare:
345 2663 400 2716 dies
413 2663 495 2715 sowie
504 2662 579 2728 jedes
593 2661 638 2713 der
689 2677 771 2713 manu
782 2661 951 2728 significum
966 2661 1007 2712 die
1019 2675 1147 2726 gemuere
1159 2658 1201 2710 Er·

125 2730 263 2796 folgenden
291 2729 426 2783 Pridikate
456 2730 558 2783 beuiebt
583 2731 638 2782 sith
690 2729 799 2795 klimng
810 2729 892 2782 dieser
905 2731 952 2781 mit
963 2729 1020 2780 dem
1032 2727 1200 2795 ganzenLeib

125 2799 170 2851 aul
187 2799 273 2860 beide,
295 2799 335 2851 die
355 2799 568 2866 Verteidigenden
585 2798 637 2850 und
690 2798 870 2865 ausgelribrten
897 2796 1031 2850 Geberden
1058 2797 1132 2863 giebt
1158 2795 1200 2848 der

125 2867 325 2933 Angreitenoen,
343 2866 469 2934 zugleioh.
689 2867 779 2917 mitet
796 2866 973 2933 angekndplte
992 2865 1062 2917 Satn.

158 2938 183 2989 3.
200 2937 333 3001 proelium
351 2940 484 3002 equestre:
509 2935 554 2986 das
572 2934 636 3002 llap.
722 2935 877 2986 vitabundi:
895 2934 959 2986 dazu
973 2933 1065 2999 gebdrt
1077 2931 1125 2986 das
1139 2931 1199 2998 lolg.

125 3006 156 3056 59
177 3004 357 3070 gescbilderte.
689 3004 741 3053 tela
760 3003 840 3067 auch,
865 3004 929 3054 nach
948 3001 1073 3053 seltenem
1093 2999 1199 3068 Spraob-

157 3075 180 3123 4.
194 3073 433 3124 animadverteres:
448 3087 479 3123 zu
493 3071 546 3123 Cat.
557 3073 598 3132 25,
611 3073 635 3122 3.
688 3071 829 3136 gebraneb3
853 3071 948 3123 ebenso
972 3069 1072 3135 Fragm.
1095 3069 1155 3122 bist.
1170 3066 1199 3119 ιιι

155 3143 252 3191 sieutiz'
263 3141 312 3192 wie
325 3141 378 3192 Get.
390 3143 431 3205 28,
442 3145 467 3200 1;
478 3142 519 3202 38,
529 3142 553 3192 3.
575 3136 636 3189 Wer
689 3142 735 3192 20:
747 3139 910 3190 uitabundus
918 3141 1026 3191 classem
1036 3139 1154 3190 bostium
1165 3135 1200 3187 ad

123 3223 153 3258 an
174 3209 214 3260 die
230 3208 419 3273 Lebhaltiglreit
438 3208 482 3259 der
494 3207 636 3273 Korperbe·
687 3208 813 3273 oppidum
829 3211 958 3273 pervarie.

123 3275 635 3397 latrabantdttll’ltll“br
686 3270 1197 3396 allonebolitzlltbid:

122 3414 276 3466 uatdrliobes
300 3384 369 3464 dario
395 3412 495 3476 finden,
519 3412 575 3462 dals
593 3410 634 3462 die
685 3381 1197 3476 sobiedenenBedentungenvorkommt.

122 3483 166 3534 aul
188 3483 237 3533 den
260 3480 360 3532 Willen
386 3480 532 3533 Steheuden
555 3479 633 3531 durch
720 3482 1041 3547 nemorumnemorum
1056 3478 1195 3544 vgl.93,2.

121 3550 170 3602 alle
189 3550 243 3601 bier
257 3549 443 3615 geschilderteu
456 3548 566 3601 Zeieben
578 3548 632 3600 ihre
719 3549 767 3605 61.
782 3552 804 3602 1.
817 3551 963 3615 inceptum:
981 3545 1196 3606 substantivieeb3

121 3618 234 3670 lebbalte
246 3618 395 3670 Teiluahme
408 3634 437 3669 so
451 3617 520 3669 kuud
540 3617 633 3683 geben,
683 3615 789 3677 frustm
814 3617 905 3683 gehdrt
926 3633 958 3667 zu
981 3616 1040 3667 dem
1059 3613 1196 3667 lehlenden

121 3687 158 3737 als
178 3687 210 3737 ob
229 3687 266 3738 sie
284 3702 335 3737 uon
354 3685 404 3738 den
422 3687 540 3738 draulsen
562 3685 633 3736 kim·
684 3684 795 3737 Verbum
815 3702 876 3751 esso,
894 3702 925 3738 zu
944 3686 985 3748 46,
997 3685 1022 3739 6.

119 3754 230 3821 plenden
244 3754 381 3806 Numidern
401 3755 492 3820 gebdrt
509 3755 571 3806 oder
589 3769 632 3818 ge·
717 3770 765 3803 suo
784 3755 857 3805 loeo:
876 3770 907 3805 zu
927 3756 968 3817 54,
982 3755 1005 3806 8.

120 3823 199 3874 seben
231 3823 332 3874 werden
362 3821 477 3876 nonnten
513 3822 631 3888 (beachte
717 3826 854 3872 aestatem:
876 3822 926 3888 vgl.
946 3837 977 3872 zu
990 3824 1031 3885 46,
1045 3825 1069 3873 5.
