2498 4276
116 161 176 219 180
494 160 521 212 G.
540 159 695 212 satuvsrr
712 158 815 213 CRISPl

113 334 237 409 sidium,
263 333 344 412 quod
366 333 613 395 contumeliosum
634 333 666 393 in
689 352 740 394 eos
761 334 851 405 foret,
880 333 903 393 si
927 333 1043 410 equites
1066 333 1183 395 Romani

77 431 93 481 a
113 420 253 482 satellites
268 418 409 480 Numidae
428 419 626 480 traderentur.
656 419 738 478 hunc
754 418 862 479 Marius
884 418 1005 479 anxium
1022 419 1185 496 aggreditur

113 514 202 584 atque
217 507 361 577 bortatur,
377 513 411 564 ut
425 505 671 564 contumeliarum
687 505 716 563 in
732 504 940 582 imperatorem
955 521 1024 564 cum
1040 522 1097 565 suo
1112 506 1184 566 auxi-

114 591 154 650 lio
169 609 282 670 poenas
304 597 399 669 petat;
422 589 574 649 hominem
589 588 628 649 ob
650 588 771 649 morbos
792 589 891 649 animo
913 607 1018 668 parum
1033 590 1131 650 valido
1144 609 1185 651 sc·

114 675 212 737 cunda
224 675 358 736 oratione
372 674 499 735 extollit:
516 674 597 735 illum
610 692 721 753 regem,
737 675 888 752 ingentem
900 674 1005 746 virum,
1021 673 1186 737 Masinissae

115 772 256 839 nepotem
279 778 359 832 esse;
382 760 407 820 si
423 759 563 838 Iugurtha
583 769 687 839 captus
708 770 759 820 aut
780 760 896 820 occisus
917 760 1012 832 foret,
1035 759 1186 840 imperium

114 846 269 907 Numidiae
285 845 349 905 sine
364 862 446 904 mora
458 843 644 920 habiturum3
659 844 688 905 id
703 844 776 905 adeo
791 855 906 905 mature
920 863 1010 924 posse
1025 847 1154 920 evenire,
1167 846 1187 908 si

78 943 94 993 4
115 931 178 1009 ipse
194 930 299 991 consul
313 930 348 989 ad
365 929 392 989 id
410 929 517 990 bellum
533 930 640 991 missus
662 931 747 990 soret.
778 930 877 1008 itaque
893 938 923 989 et
936 930 1021 990 illum
1037 941 1069 990 et
1083 933 1188 1010 equites

115 1015 275 1089 Romanos,
291 1015 397 1076 milites
413 1023 444 1074 et
456 1017 664 1094 negotiatores,
679 1015 751 1074 alios
766 1015 839 1094 ipsc,
854 1015 1014 1094 plerosque
1029 1017 1113 1096 pacis
1128 1036 1188 1096 spos

116 1101 251 1179 inpellit,
273 1100 317 1161 uti
332 1099 454 1160 Romam
476 1101 511 1160 ad
530 1121 600 1162 suos
622 1101 805 1161 necessarios
827 1118 930 1180 aspere
945 1101 975 1161 in
992 1101 1144 1162 Metellum
1157 1102 1188 1162 de

79 1199 94 1248 6
116 1184 194 1246 bello
217 1186 365 1258 scribant,
387 1186 511 1246 Marium
534 1187 741 1264 imperatorem
765 1196 899 1265 poscant.
928 1186 971 1247 sic
993 1186 1035 1246 illi
1058 1204 1075 1246 a
1097 1187 1188 1248 multis

116 1270 291 1332 mortalibus
305 1270 521 1332 honestissuma
544 1271 753 1349 suffragatione
776 1271 946 1332 consulatus
960 1271 1133 1351 petebatur3
1154 1273 1188 1334 si·

116 1358 179 1417 mul
202 1375 236 1417 ea
256 1364 431 1434 tempestate
453 1357 553 1435 plebs,
577 1357 728 1417 nobilitate
749 1357 814 1416 lusa
835 1375 888 1435 per
911 1357 1005 1435 legem
1027 1356 1188 1430 Mamiliam,

117 1460 209 1503 noros
226 1441 393 1503 extollebat.
424 1441 462 1501 ita
478 1440 570 1502 Mario
586 1449 693 1503 cuncta
708 1441 880 1520 procedere.

65 1535 103 1592 66
206 1528 326 1587 interim
338 1526 489 1605 Iugurtha,
505 1536 660 1606 postquam
673 1527 779 1588 omissa
795 1526 943 1587 deditione
954 1526 1067 1587 bellum
1082 1528 1188 1607 incipit,

118 1630 185 1673 cum
201 1630 306 1691 magna
323 1630 392 1671 cura
406 1629 511 1691 parare
523 1612 630 1684 omnia,
646 1612 796 1685 festinare,
812 1628 920 1689 cogere
931 1612 1110 1686 exercitum;
1126 1614 1188 1674 ciri·

116 1705 205 1770 tates,
229 1715 304 1776 quae
326 1697 361 1757 ab
377 1716 409 1758 se
424 1696 609 1768 defecerant,
632 1697 789 1757 formidine
804 1707 855 1758 aut
870 1698 1048 1759 ostentando
1067 1698 1189 1778 praemia

118 1783 281 1855 adfectare,
304 1783 488 1842 communire
504 1802 574 1844 suos
596 1783 693 1856 locos;
715 1800 795 1843 arma
818 1782 875 1842 tela
896 1781 1027 1860 aliaque,
1052 1802 1129 1862 quae
1143 1801 1189 1863 spa

118 1868 199 1947 pacis
214 1868 360 1941 amiserat,
376 1869 499 1928 reficere
513 1878 565 1929 aut
580 1867 781 1941 commercari,
797 1868 912 1927 servitia
924 1867 1129 1930 Romanorum
1144 1868 1189 1929 ad-

118 1953 207 2013 licere
223 1962 254 2013 et
275 1972 326 2013 eos
341 1953 437 2031 ipsos,
461 1954 512 2031 qui
534 1955 565 2014 in
588 1952 741 2033 praesidiis
763 1962 862 2024 erant,
885 1952 1011 2031 pecunia
1033 1961 1189 2034 temptare:

82 2054 96 2104 2
118 2056 241 2116 prorsus
256 2037 329 2097 nihil
344 2037 486 2098 intactum
499 2057 598 2117 neque
609 2039 740 2117 quietum
756 2038 826 2116 pati,
842 2047 948 2098 cuncta
960 2037 1082 2117 agitare.
1108 2038 1190 2118 igitur

122 2122 284 2200 Vagenses,
315 2140 373 2199 quo
396 2122 530 2184 Metellus
552 2124 636 2183 initio
659 2123 799 2202 Iugurtha
821 2123 995 2202 pacificante
1017 2124 1189 2202 praesidium

120 2270 270 2336 appellatur
288 2275 347 2321 crat
358 2294 392 2313 =
406 2275 429 2335 1,
443 2275 466 2335 3,
479 2276 496 2324 4
508 2289 524 2323 a
538 2278 633 2324 acuatu
719 2289 825 2338 aspere:
842 2288 933 2338 wegen
946 2272 991 2323 des
1004 2272 1118 2328 Adrerb.
1130 2273 1192 2326 bein

117 2338 215 2404 populi
232 2337 355 2389 Romani.
685 2343 784 2393 transit.
805 2340 880 2392 Verb.
893 2343 1042 2393 scriberes.
1056 2358 1087 2394 au
1100 2344 1144 2406 811,
1155 2344 1190 2394 11.

156 2407 374 2457 contumeliosum
388 2445 394 2459 .
407 2447 413 2460 .
426 2406 512 2472 foret,
528 2411 553 2458 ai
570 2412 631 2462 etc:
719 2414 741 2461 5.
761 2410 845 2474 legem
862 2409 1025 2461 Mamiliam:
1045 2425 1067 2462 s.
1079 2409 1144 2478 Kap.
1155 2414 1191 2464 4⁰.

121 2473 163 2525 die
187 2474 384 2540 hypothetische
405 2474 493 2541 Form,
517 2477 632 2528 61611116-
684 2476 767 2528 Durch
793 2478 834 2527 die
856 2476 1050 2544 Genehmigung
1074 2494 1130 2545 war
1151 2492 1192 2531 aus

119 2541 183 2608 figor
205 2542 245 2594 sdr
269 2550 337 2595 cont.
356 2550 423 2595 esset
443 2561 482 2610 eq.
500 2543 633 2596 Romanoa
683 2544 728 2596 der
745 2547 853 2610 rogatio
872 2545 928 2596 eine
946 2547 992 2596 lea>
1009 2545 1157 2611 geworden.

120 2612 236 2676 ..trodq
246 2612 279 2663 ist
290 2613 402 2678 gewihlt
412 2614 437 2664 in
448 2612 632 2678 Nachahmung
717 2612 765 2668 66.
782 2619 801 2666 1.
815 2616 924 2664 interim
939 2620 1002 2665 etc:
1019 2613 1191 2682 hnkndplung

120 2679 165 2731 der
174 2679 420 2747 Umgangssprache,
432 2681 473 2732 die
486 2685 574 2748 adgeri
585 2681 632 2732 mit
683 2696 714 2733 an
736 2685 776 2743 62,
790 2685 813 2733 9.

120 2746 169 2799 den
199 2748 303 2800 Worten
331 2749 561 2802 herauszurdclren.
601 2752 631 2800 in
717 2750 966 2812 absezwie61,1.

120 2832 176 2867 eos:
195 2809 245 2868 ‘hir
263 2815 305 2867 die
324 2811 417 2871 Leute'.
716 2815 875 2878 formidine:
894 2833 926 2868 zu
945 2819 986 2881 23,
1001 2821 1025 2870 1.

154 2886 178 2936 3.
184 2879 460 2952 poenos‘Bestralung’
472 2885 556 2937 soller
564 2880 631 2937 ‘ver-
717 2884 864 2946 adfectare:
882 2879 925 2936 ‘zu
943 2886 1082 2951 gewinnen
1099 2889 1193 2972 (6141,

120 2944 222 3016 langen’
246 2953 324 3004 durch
348 2953 631 3019 Beschwerdeldhrung
682 2952 729 3004 aui
744 2954 815 3005 scine
835 2953 904 3005 Seite
922 2969 953 3005 zu
972 2953 1063 3005 eichen
1083 2956 1193 3007 sochen.

120 3020 146 3071 in
158 3018 231 3080 Rom,
250 3036 326 3072 wozu
343 3037 370 3073 er
388 3022 440 3073 ihm
458 3022 529 3074 seine
541 3021 632 3073 Uoter-
682 3020 815 3075 Tacliist.
826 3023 892 3085 166
904 3022 995 3074 Civilia
1005 3061 1011 3074 .
1023 3059 1030 3074 .
1040 3027 1194 3089 proximus

121 3090 573 3155 stdtzungverspricht(dahercum
585 3106 633 3141 suo
686 3092 805 3141 civitates
823 3088 962 3151 adfectare
982 3095 1031 3140 aut
1054 3092 1194 3144 aducamu-

121 3159 210 3218 auch
234 3160 264 3207 io
287 3159 333 3208 mit
352 3159 410 3210 hcc.
428 3174 479 3209 von
498 3158 556 3210 dem
578 3174 634 3210 ver·
686 3161 755 3209 tibur
772 3159 868 3209 bellom
887 3158 991 3220 inferre
1007 3163 1115 3212 statuit.

123 3224 258 3276 bundenen
275 3241 302 3291 p.
319 3231 410 3290 petere
427 3227 565 3293 abhingig.
717 3243 793 3277 roos:
812 3227 867 3278 hier
878 3222 930 3278 ‘die
943 3226 995 3277 ihm
1007 3223 1194 3293 geblieboncn’,

155 3293 272 3343 secundo
286 3296 424 3345 oratione:
437 3294 489 3358 vgl.
503 3294 548 3346 das
561 3293 633 3346 deut·
683 3294 736 3360 rgl.
755 3310 787 3345 zu
800 3297 841 3358 54,
854 3296 878 3348 8.
978 3309 980 3313 ·

122 3360 183 3412 eche
200 3354 294 3412 ‘nach
313 3363 370 3413 dem
389 3361 482 3413 Munde
500 3357 594 3413 reden'.
718 3365 904 3414 commercari:
932 3362 977 3414 des
1000 3363 1101 3416 seltene
1125 3363 1194 3416 Wort

156 3430 187 3480 id
203 3430 281 3481 adeo:
300 3431 352 3495 vgl.
371 3447 403 3482 zu
422 3431 567 3494 661312.
682 3433 755 3494 (statt
773 3433 899 3496 coemere)
918 3431 952 3483 ist
967 3432 1082 3496 gewihlt
1099 3433 1140 3485 als
1157 3431 1194 3484 fur

157 3501 180 3550 4.
199 3499 296 3549 milites
321 3505 347 3550 et
369 3502 562 3564 negotiatores:
585 3498 637 3565 hp·
681 3498 721 3550 die
748 3500 794 3550 hrt
817 3499 863 3552 des
889 3498 1006 3565 dortigen
1028 3499 1194 3553 1166161666(-

123 3566 637 3689 thatrtltllhdlltltdtt
681 3566 1110 3702 l‘lf⁸lt,tttlt‘.¹¹f¹:„aa,„
1137 3652 1194 3688 aa.

125 3702 329 3757 unterscbeiden.
679 3707 790 3766 iurant,·
807 3720 882 3756 nam:
906 3703 951 3755 der
967 3702 1021 3756 Bau
1039 3703 1087 3757 des
1105 3703 1194 3757 Satzes

157 3784 232 3820 auor:
251 3772 321 3823 steht
338 3786 426 3836 voran,
443 3772 503 3823 weil
521 3787 549 3824 es
568 3776 636 3823 etwa
679 3771 1193 3839 16181616(16161116Α66161ιι11116,ν61-

125 3837 208 3888 suriel
226 3844 284 3903 sagt
303 3839 352 3891 wie
369 3856 431 3891 soor
448 3843 567 3905 quiaque.
680 3840 727 3892 che
745 3839 816 3892 derin
836 3841 946 3904 besteht,
964 3840 1020 3892 dale
1038 3838 1085 3894 das
1103 3857 1137 3894 an
1155 3840 1193 3893 die
