<?xml version="1.0" encoding="UTF-8"?>
<!DOCTYPE html PUBLIC "-//W3C//DTD XHTML 1.0 Transitional//EN"
    "http://www.w3.org/TR/xhtml1/DTD/xhtml1-transitional.dtd">
<html xmlns="http://www.w3.org/1999/xhtml" xml:lang="en" lang="en">
 <head>
  <title>
</title>
<meta http-equiv="Content-Type" content="text/html;charset=utf-8" />
  <meta name='ocr-system' content='tesseract 3.04.00' />
  <meta name='ocr-capabilities' content='ocr_page ocr_carea ocr_par ocr_line ocrx_word'/>
</head>
<body>
  <div class='ocr_page' id='page_1' title='image "./csallusticrispi00wirzgoog_0221.png"; bbox 0 0 2498 4276; ppageno 0'>
   <div class='ocr_carea' id='block_1_1' title="bbox 341 174 1143 234">
    <p class='ocr_par' dir='ltr' id='par_1_1' title="bbox 341 174 1143 234">
     <span class='ocr_line' id='line_1_1' title="bbox 341 174 1143 234; baseline 0.009 -7"><span class='ocrx_word' id='word_1_1' title='bbox 341 175 383 228; x_wconf 84' lang='lat' dir='ltr'>DE</span> <span class='ocrx_word' id='word_1_2' title='bbox 401 174 505 228; x_wconf 82' lang='lat' dir='ltr'>BELLO</span> <span class='ocrx_word' id='word_1_3' title='bbox 525 175 682 232; x_wconf 81' lang='lat' dir='ltr'>IVGVRTH.</span> <span class='ocrx_word' id='word_1_4' title='bbox 718 177 744 231; x_wconf 83' lang='lat' dir='ltr'>C.</span> <span class='ocrx_word' id='word_1_5' title='bbox 758 178 868 229; x_wconf 78' lang='lat'><strong>88-90.</strong></span> <span class='ocrx_word' id='word_1_6' title='bbox 1083 176 1143 234; x_wconf 81' lang='grc'>207</span> 
     </span>
    </p>
   </div>
   <div class='ocr_carea' id='block_1_2' title="bbox 60 348 1193 2305">
    <p class='ocr_par' dir='ltr' id='par_1_2' title="bbox 60 348 1193 2305">
     <span class='ocr_line' id='line_1_2' title="bbox 64 348 1144 430; baseline -0.002 -19"><span class='ocrx_word' id='word_1_7' title='bbox 64 351 132 411; x_wconf 92' lang='lat' dir='ltr'>eius</span> <span class='ocrx_word' id='word_1_8' title='bbox 148 349 227 411; x_wconf 91' lang='lat' dir='ltr'>cives</span> <span class='ocrx_word' id='word_1_9' title='bbox 241 350 319 430; x_wconf 90' lang='lat' dir='ltr'>apud</span> <span class='ocrx_word' id='word_1_10' title='bbox 334 349 505 428; x_wconf 86' lang='lat' dir='ltr'>Iugurtham</span> <span class='ocrx_word' id='word_1_11' title='bbox 521 349 674 422; x_wconf 90' lang='lat' dir='ltr'>inmunes,</span> <span class='ocrx_word' id='word_1_12' title='bbox 697 348 752 408; x_wconf 86' lang='lat' dir='ltr'>lovi</span> <span class='ocrx_word' id='word_1_13' title='bbox 768 349 909 428; x_wconf 91' lang='lat' dir='ltr'>imperio,</span> <span class='ocrx_word' id='word_1_14' title='bbox 926 358 955 409; x_wconf 90' lang='lat' dir='ltr'>ct</span> <span class='ocrx_word' id='word_1_15' title='bbox 970 349 1008 410; x_wconf 95' lang='lat' dir='ltr'>ob</span> <span class='ocrx_word' id='word_1_16' title='bbox 1025 367 1057 409; x_wconf 89' lang='lat' dir='ltr'>ea</span> <span class='ocrx_word' id='word_1_17' title='bbox 1073 349 1144 410; x_wconf 84' lang='lat' dir='ltr'>tide-</span> 
     </span>
     <span class='ocr_line' id='line_1_3' title="bbox 62 433 1145 506; baseline -0.001 -10"><span class='ocrx_word' id='word_1_18' title='bbox 62 435 181 497; x_wconf 91' lang='lat' dir='ltr'>lissumi</span> <span class='ocrx_word' id='word_1_19' title='bbox 196 435 391 506; x_wconf 83' lang='lat' dir='ltr'><strong>habebantur,</strong></span> <span class='ocrx_word' id='word_1_20' title='bbox 407 434 514 494; x_wconf 91' lang='lat' dir='ltr'>muniti</span> <span class='ocrx_word' id='word_1_21' title='bbox 529 434 684 495; x_wconf 80' lang='lat' dir='ltr'>advorsum</span> <span class='ocrx_word' id='word_1_22' title='bbox 700 433 793 494; x_wconf 90' lang='lat' dir='ltr'>bostis</span> <span class='ocrx_word' id='word_1_23' title='bbox 808 454 868 495; x_wconf 94' lang='lat' dir='ltr'>non</span> <span class='ocrx_word' id='word_1_24' title='bbox 886 434 1043 495; x_wconf 93' lang='lat' dir='ltr'>moenibus</span> <span class='ocrx_word' id='word_1_25' title='bbox 1057 436 1145 495; x_wconf 95' lang='lat' dir='ltr'>modo</span> 
     </span>
     <span class='ocr_line' id='line_1_4' title="bbox 63 519 1145 599; baseline -0.002 -17"><span class='ocrx_word' id='word_1_26' title='bbox 63 529 95 582; x_wconf 89' lang='lat' dir='ltr'>et</span> <span class='ocrx_word' id='word_1_27' title='bbox 116 521 207 581; x_wconf 89' lang='lat' dir='ltr'>armis</span> <span class='ocrx_word' id='word_1_28' title='bbox 229 532 317 599; x_wconf 87' lang='lat' dir='ltr'>atque</span> <span class='ocrx_word' id='word_1_29' title='bbox 339 520 424 591; x_wconf 84' lang='lat' dir='ltr'>viris,</span> <span class='ocrx_word' id='word_1_30' title='bbox 448 519 651 579; x_wconf 86' lang='lat' dir='ltr'>verumetiam</span> <span class='ocrx_word' id='word_1_31' title='bbox 667 519 759 579; x_wconf 91' lang='lat' dir='ltr'>multo</span> <span class='ocrx_word' id='word_1_32' title='bbox 775 520 868 598; x_wconf 83' lang='lat' dir='ltr'>magis</span> <span class='ocrx_word' id='word_1_33' title='bbox 883 520 1017 580; x_wconf 92' lang='lat' dir='ltr'>locorum</span> <span class='ocrx_word' id='word_1_34' title='bbox 1033 521 1145 599; x_wconf 86' lang='lat' dir='ltr'>asperi-</span> 
     </span>
     <span class='ocr_line' id='line_1_5' title="bbox 63 604 1182 685; baseline -0.002 -18"><span class='ocrx_word' id='word_1_35' title='bbox 63 615 136 667; x_wconf 90' lang='lat' dir='ltr'>tate.</span> <span class='ocrx_word' id='word_1_36' title='bbox 173 623 241 666; x_wconf 90' lang='lat' dir='ltr'>nam</span> <span class='ocrx_word' id='word_1_37' title='bbox 265 614 383 685; x_wconf 90' lang='lat' dir='ltr'>praeter</span> <span class='ocrx_word' id='word_1_38' title='bbox 405 604 514 684; x_wconf 92' lang='lat' dir='ltr'>oppido</span> <span class='ocrx_word' id='word_1_39' title='bbox 536 605 705 683; x_wconf 91' lang='lat' dir='ltr'>propinqua</span> <span class='ocrx_word' id='word_1_40' title='bbox 728 605 782 664; x_wconf 91' lang='lat' dir='ltr'>alia</span> <span class='ocrx_word' id='word_1_41' title='bbox 806 605 903 665; x_wconf 89' lang='lat' dir='ltr'>omnia</span> <span class='ocrx_word' id='word_1_42' title='bbox 925 615 1003 666; x_wconf 89' lang='lat' dir='ltr'>vasta</span> <span class='ocrx_word' id='word_1_43' title='bbox 1026 605 1145 679; x_wconf 90' lang='lat' dir='ltr'>inculta,</span> <span class='ocrx_word' id='word_1_44' title='bbox 1167 616 1182 665; x_wconf 81' lang='lat'><strong>5</strong></span> 
     </span>
     <span class='ocr_line' id='line_1_6' title="bbox 63 689 1143 771; baseline -0.001 -20"><span class='ocrx_word' id='word_1_45' title='bbox 63 690 184 771; x_wconf 81' lang='lat' dir='ltr'>egentia</span> <span class='ocrx_word' id='word_1_46' title='bbox 196 709 300 769; x_wconf 91' lang='lat' dir='ltr'>aquae,</span> <span class='ocrx_word' id='word_1_47' title='bbox 315 690 421 750; x_wconf 80' lang='lat' dir='ltr'>intesta</span> <span class='ocrx_word' id='word_1_48' title='bbox 437 689 636 768; x_wconf 82' lang='lat' dir='ltr'>serpentibus,</span> <span class='ocrx_word' id='word_1_49' title='bbox 652 707 776 768; x_wconf 91' lang='lat' dir='ltr'>quarum</span> <span class='ocrx_word' id='word_1_50' title='bbox 788 690 841 761; x_wconf 89' lang='lat' dir='ltr'>vis,</span> <span class='ocrx_word' id='word_1_51' title='bbox 857 689 944 751; x_wconf 91' lang='lat' dir='ltr'>sicuti</span> <span class='ocrx_word' id='word_1_52' title='bbox 956 690 1087 751; x_wconf 92' lang='lat' dir='ltr'>omnium</span> <span class='ocrx_word' id='word_1_53' title='bbox 1099 691 1143 750; x_wconf 90' lang='lat' dir='ltr'>le-</span> 
     </span>
     <span class='ocr_line' id='line_1_7' title="bbox 63 774 1143 856; baseline -0.001 -19"><span class='ocrx_word' id='word_1_54' title='bbox 63 795 178 849; x_wconf 92' lang='lat' dir='ltr'>rarum,</span> <span class='ocrx_word' id='word_1_55' title='bbox 195 775 295 856; x_wconf 90' lang='lat' dir='ltr'>inopia</span> <span class='ocrx_word' id='word_1_56' title='bbox 311 774 369 835; x_wconf 92' lang='lat' dir='ltr'>cibi</span> <span class='ocrx_word' id='word_1_57' title='bbox 385 775 496 848; x_wconf 89' lang='lat' dir='ltr'>acrior;</span> <span class='ocrx_word' id='word_1_58' title='bbox 512 774 616 836; x_wconf 92' lang='lat' dir='ltr'>adhoc</span> <span class='ocrx_word' id='word_1_59' title='bbox 632 784 735 835; x_wconf 90' lang='lat' dir='ltr'>natura</span> <span class='ocrx_word' id='word_1_60' title='bbox 751 775 949 854; x_wconf 75' lang='lat' dir='ltr'>serpentium,</span> <span class='ocrx_word' id='word_1_61' title='bbox 964 775 1028 855; x_wconf 91' lang='lat' dir='ltr'>ipsa</span> <span class='ocrx_word' id='word_1_62' title='bbox 1042 776 1143 855; x_wconf 88' lang='lat' dir='ltr'>perni-</span> 
     </span>
     <span class='ocr_line' id='line_1_8' title="bbox 63 860 1182 941; baseline -0.001 -18"><span class='ocrx_word' id='word_1_63' title='bbox 63 862 162 932; x_wconf 89' lang='lat' dir='ltr'>ciosa,</span> <span class='ocrx_word' id='word_1_64' title='bbox 186 861 233 922; x_wconf 86' lang='lat' dir='ltr'>siti</span> <span class='ocrx_word' id='word_1_65' title='bbox 254 860 347 938; x_wconf 83' lang='lat' dir='ltr'>magis</span> <span class='ocrx_word' id='word_1_66' title='bbox 363 877 450 939; x_wconf 92' lang='lat' dir='ltr'>quam</span> <span class='ocrx_word' id='word_1_67' title='bbox 467 860 521 921; x_wconf 86' lang='lat' dir='ltr'>alia</span> <span class='ocrx_word' id='word_1_68' title='bbox 536 879 569 920; x_wconf 93' lang='lat' dir='ltr'>re</span> <span class='ocrx_word' id='word_1_69' title='bbox 584 860 765 920; x_wconf 82' lang='lat' dir='ltr'>accenditur.</span> <span class='ocrx_word' id='word_1_70' title='bbox 796 860 858 921; x_wconf 92' lang='lat' dir='ltr'>eius</span> <span class='ocrx_word' id='word_1_71' title='bbox 873 861 1007 941; x_wconf 87' lang='lat' dir='ltr'>potiundi</span> <span class='ocrx_word' id='word_1_72' title='bbox 1022 861 1144 922; x_wconf 85' lang='lat' dir='ltr'>Marium</span> <span class='ocrx_word' id='word_1_73' title='bbox 1167 873 1182 922; x_wconf 83' lang='grc'>6</span> 
     </span>
     <span class='ocr_line' id='line_1_9' title="bbox 63 945 1144 1026; baseline 0 -19"><span class='ocrx_word' id='word_1_74' title='bbox 63 965 203 1008; x_wconf 85' lang='lat' dir='ltr'>maxuma</span> <span class='ocrx_word' id='word_1_75' title='bbox 220 946 329 1025; x_wconf 90' lang='lat' dir='ltr'>cupido</span> <span class='ocrx_word' id='word_1_76' title='bbox 345 946 501 1017; x_wconf 90' lang='lat' dir='ltr'>invaserat,</span> <span class='ocrx_word' id='word_1_77' title='bbox 518 963 585 1005; x_wconf 92' lang='lat' dir='ltr'>cum</span> <span class='ocrx_word' id='word_1_78' title='bbox 601 955 724 1025; x_wconf 90' lang='lat' dir='ltr'>propter</span> <span class='ocrx_word' id='word_1_79' title='bbox 738 963 825 1006; x_wconf 94' lang='lat' dir='ltr'>usum</span> <span class='ocrx_word' id='word_1_80' title='bbox 841 946 918 1018; x_wconf 87' lang='lat' dir='ltr'>belli,</span> <span class='ocrx_word' id='word_1_81' title='bbox 935 956 996 1007; x_wconf 94' lang='lat' dir='ltr'>tum</span> <span class='ocrx_word' id='word_1_82' title='bbox 1014 945 1082 1026; x_wconf 92' lang='lat' dir='ltr'>quia</span> <span class='ocrx_word' id='word_1_83' title='bbox 1096 965 1144 1008; x_wconf 90' lang='lat' dir='ltr'>res</span> 
     </span>
     <span class='ocr_line' id='line_1_10' title="bbox 63 1030 1144 1112; baseline -0.001 -19"><span class='ocrx_word' id='word_1_84' title='bbox 63 1050 169 1112; x_wconf 88' lang='lat' dir='ltr'>aspera</span> <span class='ocrx_word' id='word_1_85' title='bbox 191 1030 346 1092; x_wconf 90' lang='lat' dir='ltr'>videbatur</span> <span class='ocrx_word' id='word_1_86' title='bbox 368 1040 397 1090; x_wconf 93' lang='lat' dir='ltr'>ct</span> <span class='ocrx_word' id='word_1_87' title='bbox 412 1030 547 1092; x_wconf 88' lang='lat' dir='ltr'>Metellus</span> <span class='ocrx_word' id='word_1_88' title='bbox 569 1031 710 1110; x_wconf 91' lang='lat' dir='ltr'>oppidum</span> <span class='ocrx_word' id='word_1_89' title='bbox 725 1030 845 1091; x_wconf 86' lang='lat' dir='ltr'>Thalam</span> <span class='ocrx_word' id='word_1_90' title='bbox 867 1050 973 1110; x_wconf 81' lang='lat' dir='ltr'>magna</span> <span class='ocrx_word' id='word_1_91' title='bbox 988 1031 1079 1110; x_wconf 86' lang='lat' dir='ltr'>gloria</span> <span class='ocrx_word' id='word_1_92' title='bbox 1096 1050 1144 1092; x_wconf 92' lang='lat' dir='ltr'>ce-</span> 
     </span>
     <span class='ocr_line' id='line_1_11' title="bbox 63 1115 1143 1198; baseline -0.001 -20"><span class='ocrx_word' id='word_1_93' title='bbox 63 1127 168 1198; x_wconf 83' lang='lat' dir='ltr'>perat,</span> <span class='ocrx_word' id='word_1_94' title='bbox 184 1117 262 1177; x_wconf 92' lang='lat' dir='ltr'>baud</span> <span class='ocrx_word' id='word_1_95' title='bbox 278 1116 457 1177; x_wconf 86' lang='lat' dir='ltr'>dissimiliter</span> <span class='ocrx_word' id='word_1_96' title='bbox 470 1115 559 1175; x_wconf 89' lang='lat' dir='ltr'>situm</span> <span class='ocrx_word' id='word_1_97' title='bbox 575 1116 791 1194; x_wconf 82' lang='lat' dir='ltr'>munitumque,</span> <span class='ocrx_word' id='word_1_98' title='bbox 807 1116 863 1176; x_wconf 90' lang='lat' dir='ltr'>nisi</span> <span class='ocrx_word' id='word_1_99' title='bbox 880 1116 959 1195; x_wconf 94' lang='lat' dir='ltr'>quod</span> <span class='ocrx_word' id='word_1_100' title='bbox 974 1116 1051 1197; x_wconf 92' lang='lat' dir='ltr'>apud</span> <span class='ocrx_word' id='word_1_101' title='bbox 1068 1117 1143 1177; x_wconf 87' lang='lat' dir='ltr'>&#39;lira-</span> 
     </span>
     <span class='ocr_line' id='line_1_12' title="bbox 63 1200 1144 1280; baseline 0 -17"><span class='ocrx_word' id='word_1_102' title='bbox 63 1203 122 1263; x_wconf 91' lang='lat' dir='ltr'>lam</span> <span class='ocrx_word' id='word_1_103' title='bbox 140 1221 202 1261; x_wconf 92' lang='lat' dir='ltr'>non</span> <span class='ocrx_word' id='word_1_104' title='bbox 219 1202 308 1280; x_wconf 83' lang='lat' dir='ltr'>longe</span> <span class='ocrx_word' id='word_1_105' title='bbox 324 1220 339 1261; x_wconf 92' lang='lat' dir='ltr'>a</span> <span class='ocrx_word' id='word_1_106' title='bbox 356 1200 516 1262; x_wconf 92' lang='lat' dir='ltr'>moenibus</span> <span class='ocrx_word' id='word_1_107' title='bbox 530 1200 642 1280; x_wconf 87' lang='lat' dir='ltr'>aliquot</span> <span class='ocrx_word' id='word_1_108' title='bbox 657 1202 754 1262; x_wconf 82' lang='lat' dir='ltr'>fontes</span> <span class='ocrx_word' id='word_1_109' title='bbox 777 1212 877 1275; x_wconf 87' lang='lat' dir='ltr'>erant,</span> <span class='ocrx_word' id='word_1_110' title='bbox 901 1204 1064 1280; x_wconf 84' lang='lat' dir='ltr'>Capsenses</span> <span class='ocrx_word' id='word_1_111' title='bbox 1086 1221 1144 1263; x_wconf 90' lang='lat' dir='ltr'>una</span> 
     </span>
     <span class='ocr_line' id='line_1_13' title="bbox 62 1285 1144 1366; baseline -0.002 -18"><span class='ocrx_word' id='word_1_112' title='bbox 62 1288 153 1348; x_wconf 92' lang='lat' dir='ltr'>modo</span> <span class='ocrx_word' id='word_1_113' title='bbox 167 1297 255 1364; x_wconf 91' lang='lat' dir='ltr'>atque</span> <span class='ocrx_word' id='word_1_114' title='bbox 272 1305 305 1346; x_wconf 91' lang='lat' dir='ltr'>ea</span> <span class='ocrx_word' id='word_1_115' title='bbox 321 1288 400 1346; x_wconf 91' lang='lat' dir='ltr'>intra</span> <span class='ocrx_word' id='word_1_116' title='bbox 416 1285 558 1365; x_wconf 92' lang='lat' dir='ltr'>oppidum</span> <span class='ocrx_word' id='word_1_117' title='bbox 575 1286 635 1365; x_wconf 84' lang='lat' dir='ltr'>iugi</span> <span class='ocrx_word' id='word_1_118' title='bbox 651 1304 734 1364; x_wconf 88' lang='lat' dir='ltr'>aqua,</span> <span class='ocrx_word' id='word_1_119' title='bbox 750 1296 848 1346; x_wconf 89' lang='lat' dir='ltr'>cetera</span> <span class='ocrx_word' id='word_1_120' title='bbox 863 1287 960 1366; x_wconf 91' lang='lat' dir='ltr'>pluvia</span> <span class='ocrx_word' id='word_1_121' title='bbox 976 1287 1144 1348; x_wconf 87' lang='lat' dir='ltr'>utebantur.</span> 
     </span>
     <span class='ocr_line' id='line_1_14' title="bbox 62 1370 1181 1451; baseline -0.001 -18"><span class='ocrx_word' id='word_1_122' title='bbox 62 1372 91 1433; x_wconf 94' lang='lat' dir='ltr'>id</span> <span class='ocrx_word' id='word_1_123' title='bbox 109 1371 213 1450; x_wconf 89' lang='lat' dir='ltr'>ibique</span> <span class='ocrx_word' id='word_1_124' title='bbox 228 1381 258 1432; x_wconf 91' lang='lat' dir='ltr'>et</span> <span class='ocrx_word' id='word_1_125' title='bbox 273 1372 302 1431; x_wconf 91' lang='lat' dir='ltr'>in</span> <span class='ocrx_word' id='word_1_126' title='bbox 321 1371 401 1432; x_wconf 94' lang='lat' dir='ltr'>omni</span> <span class='ocrx_word' id='word_1_127' title='bbox 417 1372 530 1445; x_wconf 78' lang='lat' dir='ltr'>Africa,</span> <span class='ocrx_word' id='word_1_128' title='bbox 546 1389 621 1449; x_wconf 92' lang='lat' dir='ltr'>quae</span> <span class='ocrx_word' id='word_1_129' title='bbox 636 1372 742 1450; x_wconf 91' lang='lat' dir='ltr'>procul</span> <span class='ocrx_word' id='word_1_130' title='bbox 758 1389 773 1430; x_wconf 93' lang='lat' dir='ltr'>a</span> <span class='ocrx_word' id='word_1_131' title='bbox 789 1372 862 1431; x_wconf 91' lang='lat' dir='ltr'>mari</span> <span class='ocrx_word' id='word_1_132' title='bbox 878 1371 1017 1433; x_wconf 85' lang='lat' dir='ltr'>incultius</span> <span class='ocrx_word' id='word_1_133' title='bbox 1033 1370 1144 1451; x_wconf 83' lang='lat' dir='ltr'>agebat,</span> <span class='ocrx_word' id='word_1_134' title='bbox 1166 1384 1181 1432; x_wconf 79' lang='lat' dir='ltr'>t</span> 
     </span>
     <span class='ocr_line' id='line_1_15' title="bbox 64 1455 1144 1536; baseline -0.001 -18"><span class='ocrx_word' id='word_1_135' title='bbox 64 1476 99 1518; x_wconf 87' lang='lat' dir='ltr'>eo</span> <span class='ocrx_word' id='word_1_136' title='bbox 123 1456 239 1517; x_wconf 77' lang='lat' dir='ltr'>facilius</span> <span class='ocrx_word' id='word_1_137' title='bbox 260 1455 455 1529; x_wconf 86' lang='lat' dir='ltr'>tolerabatur,</span> <span class='ocrx_word' id='word_1_138' title='bbox 480 1457 547 1534; x_wconf 90' lang='lat' dir='ltr'>quia</span> <span class='ocrx_word' id='word_1_139' title='bbox 562 1456 704 1517; x_wconf 84' lang='lat' dir='ltr'>Numidae</span> <span class='ocrx_word' id='word_1_140' title='bbox 726 1455 901 1536; x_wconf 85' lang='lat' dir='ltr'>plerumque</span> <span class='ocrx_word' id='word_1_141' title='bbox 917 1457 991 1517; x_wconf 88' lang='lat' dir='ltr'>lactc</span> <span class='ocrx_word' id='word_1_142' title='bbox 1007 1466 1036 1518; x_wconf 93' lang='lat' dir='ltr'>et</span> <span class='ocrx_word' id='word_1_143' title='bbox 1051 1457 1144 1518; x_wconf 86' lang='lat' dir='ltr'>lerina</span> 
     </span>
     <span class='ocr_line' id='line_1_16' title="bbox 62 1541 1145 1620; baseline -0.001 -17"><span class='ocrx_word' id='word_1_144' title='bbox 62 1561 156 1604; x_wconf 89' lang='lat' dir='ltr'>carne</span> <span class='ocrx_word' id='word_1_145' title='bbox 178 1541 375 1602; x_wconf 87' lang='lat' dir='ltr'>vescebantur</span> <span class='ocrx_word' id='word_1_146' title='bbox 397 1550 427 1602; x_wconf 93' lang='lat' dir='ltr'>et</span> <span class='ocrx_word' id='word_1_147' title='bbox 450 1560 546 1619; x_wconf 90' lang='lat' dir='ltr'>neque</span> <span class='ocrx_word' id='word_1_148' title='bbox 568 1542 657 1602; x_wconf 91' lang='lat' dir='ltr'>salem</span> <span class='ocrx_word' id='word_1_149' title='bbox 675 1560 772 1620; x_wconf 90' lang='lat' dir='ltr'>neque</span> <span class='ocrx_word' id='word_1_150' title='bbox 788 1541 841 1602; x_wconf 86' lang='lat' dir='ltr'>alia</span> <span class='ocrx_word' id='word_1_151' title='bbox 858 1543 1044 1603; x_wconf 84' lang='lat' dir='ltr'>inritamenta</span> <span class='ocrx_word' id='word_1_152' title='bbox 1060 1541 1145 1620; x_wconf 85' lang='lat' dir='ltr'>gulae</span> 
     </span>
     <span class='ocr_line' id='line_1_17' title="bbox 61 1626 1181 1707; baseline 0.001 -19"><span class='ocrx_word' id='word_1_153' title='bbox 61 1627 263 1707; x_wconf 87' lang='lat' dir='ltr'>quaerebant:</span> <span class='ocrx_word' id='word_1_154' title='bbox 281 1626 364 1688; x_wconf 92' lang='lat' dir='ltr'>cibus</span> <span class='ocrx_word' id='word_1_155' title='bbox 379 1627 435 1687; x_wconf 91' lang='lat' dir='ltr'>illis</span> <span class='ocrx_word' id='word_1_156' title='bbox 451 1627 591 1688; x_wconf 86' lang='lat' dir='ltr'>advorsus</span> <span class='ocrx_word' id='word_1_157' title='bbox 606 1628 712 1686; x_wconf 84' lang='lat' dir='ltr'>samem</span> <span class='ocrx_word' id='word_1_158' title='bbox 729 1636 816 1704; x_wconf 89' lang='lat' dir='ltr'>atque</span> <span class='ocrx_word' id='word_1_159' title='bbox 832 1628 920 1700; x_wconf 85' lang='lat' dir='ltr'>sitim,</span> <span class='ocrx_word' id='word_1_160' title='bbox 937 1647 997 1688; x_wconf 94' lang='lat' dir='ltr'>non</span> <span class='ocrx_word' id='word_1_161' title='bbox 1014 1627 1138 1689; x_wconf 90' lang='lat' dir='ltr'>lubidini</span> <span class='ocrx_word' id='word_1_162' title='bbox 1166 1638 1181 1689; x_wconf 83' lang='lat'>8</span> 
     </span>
     <span class='ocr_line' id='line_1_18' title="bbox 62 1711 1193 1792; baseline 0.001 -19"><span class='ocrx_word' id='word_1_163' title='bbox 62 1731 163 1791; x_wconf 91' lang='lat' dir='ltr'>neque</span> <span class='ocrx_word' id='word_1_164' title='bbox 179 1713 313 1773; x_wconf 78' lang='lat' dir='ltr'>luxuriae</span> <span class='ocrx_word' id='word_1_165' title='bbox 330 1721 401 1773; x_wconf 88' lang='lat' dir='ltr'>erat.</span> <span class='ocrx_word' id='word_1_166' title='bbox 432 1712 522 1789; x_wconf 84' lang='lat' dir='ltr'>igitur</span> <span class='ocrx_word' id='word_1_167' title='bbox 537 1712 641 1773; x_wconf 94' lang='lat' dir='ltr'>consul</span> <span class='ocrx_word' id='word_1_168' title='bbox 657 1711 794 1772; x_wconf 92' lang='lat' dir='ltr'>omnibus</span> <span class='ocrx_word' id='word_1_169' title='bbox 810 1713 977 1792; x_wconf 82' lang='lat' dir='ltr'>exploratis,</span> <span class='ocrx_word' id='word_1_170' title='bbox 993 1713 1081 1773; x_wconf 92' lang='lat' dir='ltr'>credo</span> <span class='ocrx_word' id='word_1_171' title='bbox 1098 1713 1142 1774; x_wconf 91' lang='lat' dir='ltr'>dis</span> <span class='ocrx_word' id='word_1_172' title='bbox 1155 1719 1193 1775; x_wconf 81' lang='grc'>96</span> 
     </span>
     <span class='ocr_line' id='line_1_19' title="bbox 60 1796 1142 1877; baseline 0 -19"><span class='ocrx_word' id='word_1_173' title='bbox 60 1798 156 1859; x_wconf 82' lang='lat' dir='ltr'>fretus</span> <span class='ocrx_word' id='word_1_174' title='bbox 171 1833 214 1843; x_wconf 97' lang='lat'>—</span> <span class='ocrx_word' id='word_1_175' title='bbox 231 1815 298 1857; x_wconf 86' lang='lat' dir='ltr'>nam</span> <span class='ocrx_word' id='word_1_176' title='bbox 322 1806 424 1858; x_wconf 92' lang='lat' dir='ltr'>contra</span> <span class='ocrx_word' id='word_1_177' title='bbox 447 1805 542 1858; x_wconf 90' lang='lat' dir='ltr'>tantas</span> <span class='ocrx_word' id='word_1_178' title='bbox 565 1796 749 1857; x_wconf 82' lang='lat' dir='ltr'>difficultates</span> <span class='ocrx_word' id='word_1_179' title='bbox 765 1798 889 1858; x_wconf 89' lang='lat' dir='ltr'>consilio</span> <span class='ocrx_word' id='word_1_180' title='bbox 904 1798 973 1860; x_wconf 91' lang='lat' dir='ltr'>satis</span> <span class='ocrx_word' id='word_1_181' title='bbox 988 1799 1142 1877; x_wconf 88' lang='lat' dir='ltr'>providere</span> 
     </span>
     <span class='ocr_line' id='line_1_20' title="bbox 61 1882 1143 1963; baseline -0.001 -20"><span class='ocrx_word' id='word_1_182' title='bbox 61 1902 123 1943; x_wconf 95' lang='lat' dir='ltr'>non</span> <span class='ocrx_word' id='word_1_183' title='bbox 148 1891 281 1962; x_wconf 65' lang='lat' dir='ltr'>poteram</span> <span class='ocrx_word' id='word_1_184' title='bbox 311 1882 420 1962; x_wconf 90' lang='lat' dir='ltr'>quippe</span> <span class='ocrx_word' id='word_1_185' title='bbox 445 1882 530 1943; x_wconf 88' lang='lat' dir='ltr'>etiam</span> <span class='ocrx_word' id='word_1_186' title='bbox 555 1882 695 1943; x_wconf 72' lang='lat' dir='ltr'>frumenti</span> <span class='ocrx_word' id='word_1_187' title='bbox 718 1882 816 1961; x_wconf 88' lang='lat' dir='ltr'>inopia</span> <span class='ocrx_word' id='word_1_188' title='bbox 839 1882 1052 1963; x_wconf 86' lang='lat' dir='ltr'>temptabatur,</span> <span class='ocrx_word' id='word_1_189' title='bbox 1076 1883 1143 1961; x_wconf 90' lang='lat' dir='ltr'>quia</span> 
     </span>
     <span class='ocr_line' id='line_1_21' title="bbox 60 1967 1144 2047; baseline -0.001 -18"><span class='ocrx_word' id='word_1_190' title='bbox 60 1967 208 2030; x_wconf 82' lang='lat' dir='ltr'>Numidae</span> <span class='ocrx_word' id='word_1_191' title='bbox 231 1967 340 2046; x_wconf 89' lang='lat' dir='ltr'>pabulo</span> <span class='ocrx_word' id='word_1_192' title='bbox 363 1967 480 2047; x_wconf 90' lang='lat' dir='ltr'>pecoris</span> <span class='ocrx_word' id='word_1_193' title='bbox 503 1968 596 2046; x_wconf 81' lang='lat' dir='ltr'>magis</span> <span class='ocrx_word' id='word_1_194' title='bbox 612 1985 699 2046; x_wconf 86' lang='lat' dir='ltr'>quam</span> <span class='ocrx_word' id='word_1_195' title='bbox 716 1985 785 2027; x_wconf 89' lang='lat' dir='ltr'>arvo</span> <span class='ocrx_word' id='word_1_196' title='bbox 801 1969 921 2029; x_wconf 92' lang='lat' dir='ltr'>student</span> <span class='ocrx_word' id='word_1_197' title='bbox 936 1978 965 2028; x_wconf 91' lang='lat' dir='ltr'>et</span> <span class='ocrx_word' id='word_1_198' title='bbox 980 1969 1144 2047; x_wconf 91' lang='lat' dir='ltr'>quodcum-</span> 
     </span>
     <span class='ocr_line' id='line_1_22' title="bbox 61 2052 1143 2133; baseline 0.001 -21"><span class='ocrx_word' id='word_1_199' title='bbox 61 2072 120 2132; x_wconf 93' lang='lat' dir='ltr'>que</span> <span class='ocrx_word' id='word_1_200' title='bbox 137 2063 241 2113; x_wconf 92' lang='lat' dir='ltr'>natum</span> <span class='ocrx_word' id='word_1_201' title='bbox 257 2054 352 2113; x_wconf 84' lang='lat' dir='ltr'>luerat</span> <span class='ocrx_word' id='word_1_202' title='bbox 368 2053 449 2113; x_wconf 88' lang='lat' dir='ltr'>iussu</span> <span class='ocrx_word' id='word_1_203' title='bbox 465 2053 544 2132; x_wconf 85' lang='lat' dir='ltr'>regis</span> <span class='ocrx_word' id='word_1_204' title='bbox 566 2053 595 2113; x_wconf 92' lang='lat' dir='ltr'>in</span> <span class='ocrx_word' id='word_1_205' title='bbox 621 2053 684 2113; x_wconf 92' lang='lat' dir='ltr'>loca</span> <span class='ocrx_word' id='word_1_206' title='bbox 707 2052 822 2113; x_wconf 89' lang='lat' dir='ltr'>munita</span> <span class='ocrx_word' id='word_1_207' title='bbox 845 2053 1049 2127; x_wconf 88' lang='lat' dir='ltr'>contulerant,</span> <span class='ocrx_word' id='word_1_208' title='bbox 1073 2072 1143 2133; x_wconf 81' lang='lat' dir='ltr'>ager</span> 
     </span>
     <span class='ocr_line' id='line_1_23' title="bbox 60 2139 1142 2217; baseline 0.001 -18"><span class='ocrx_word' id='word_1_209' title='bbox 60 2147 160 2199; x_wconf 89' lang='lat' dir='ltr'>autem</span> <span class='ocrx_word' id='word_1_210' title='bbox 184 2139 284 2199; x_wconf 89' lang='lat' dir='ltr'>aridus</span> <span class='ocrx_word' id='word_1_211' title='bbox 301 2147 330 2198; x_wconf 89' lang='lat' dir='ltr'>et</span> <span class='ocrx_word' id='word_1_212' title='bbox 344 2139 463 2217; x_wconf 85' lang='lat' dir='ltr'>frugum</span> <span class='ocrx_word' id='word_1_213' title='bbox 479 2156 589 2198; x_wconf 90' lang='lat' dir='ltr'>vacuus</span> <span class='ocrx_word' id='word_1_214' title='bbox 605 2157 637 2199; x_wconf 87' lang='lat' dir='ltr'>ea</span> <span class='ocrx_word' id='word_1_215' title='bbox 654 2147 844 2217; x_wconf 82' lang='lat' dir='ltr'>tempestate3</span> <span class='ocrx_word' id='word_1_216' title='bbox 869 2158 936 2200; x_wconf 89' lang='lat' dir='ltr'>nam</span> <span class='ocrx_word' id='word_1_217' title='bbox 960 2140 1077 2201; x_wconf 88' lang='lat' dir='ltr'>aestatis</span> <span class='ocrx_word' id='word_1_218' title='bbox 1093 2159 1142 2200; x_wconf 86' lang='lat' dir='ltr'>ex·</span> 
     </span>
     <span class='ocr_line' id='line_1_24' title="bbox 60 2223 1142 2305; baseline 0 -21"><span class='ocrx_word' id='word_1_219' title='bbox 60 2234 191 2284; x_wconf 91' lang='lat' dir='ltr'>tremum</span> <span class='ocrx_word' id='word_1_220' title='bbox 212 2233 275 2283; x_wconf 88' lang='lat' dir='ltr'>erat</span> <span class='ocrx_word' id='word_1_221' title='bbox 289 2257 346 2297; x_wconf 91' lang='lat'>-,</span> <span class='ocrx_word' id='word_1_222' title='bbox 369 2233 466 2284; x_wconf 90' lang='lat' dir='ltr'>tamen</span> <span class='ocrx_word' id='word_1_223' title='bbox 484 2242 540 2303; x_wconf 89' lang='lat' dir='ltr'>pro</span> <span class='ocrx_word' id='word_1_224' title='bbox 556 2223 599 2284; x_wconf 88' lang='lat' dir='ltr'>rei</span> <span class='ocrx_word' id='word_1_225' title='bbox 615 2224 698 2303; x_wconf 91' lang='lat' dir='ltr'>copia</span> <span class='ocrx_word' id='word_1_226' title='bbox 714 2223 783 2285; x_wconf 84' lang='lat' dir='ltr'>satis</span> <span class='ocrx_word' id='word_1_227' title='bbox 799 2225 989 2305; x_wconf 86' lang='lat' dir='ltr'>providenter</span> <span class='ocrx_word' id='word_1_228' title='bbox 1004 2235 1142 2285; x_wconf 84' lang='lat' dir='ltr'>oxornat:</span> 
     </span>
    </p>
   </div>
   <div class='ocr_carea' id='block_1_3' title="bbox 54 2368 1170 3943">
    <p class='ocr_par' dir='ltr' id='par_1_3' title="bbox 59 2368 1144 2443">
     <span class='ocr_line' id='line_1_25' title="bbox 59 2368 1144 2443; baseline 0.004 -19"><span class='ocrx_word' id='word_1_229' title='bbox 59 2380 141 2425; x_wconf 82' lang='lat' dir='ltr'>nennt</span> <span class='ocrx_word' id='word_1_230' title='bbox 154 2388 183 2425; x_wconf 86' lang='lat' dir='ltr'>es</span> <span class='ocrx_word' id='word_1_231' title='bbox 195 2369 228 2423; x_wconf 80' lang='grc' dir='ltr'>τὸ</span> <span class='ocrx_word' id='word_1_232' title='bbox 238 2369 439 2443; x_wconf 72' lang='grc' dir='ltr'>γαζοφυλάκιον</span> <span class='ocrx_word' id='word_1_233' title='bbox 448 2368 579 2443; x_wconf 79' lang='lat' dir='ltr'>‘Iooyodp-</span> <span class='ocrx_word' id='word_1_234' title='bbox 664 2371 712 2428; x_wconf 79' lang='lat' dir='ltr'>ab.</span> <span class='ocrx_word' id='word_1_235' title='bbox 729 2377 750 2426; x_wconf 91' lang='lat' dir='ltr'>t.</span> <span class='ocrx_word' id='word_1_236' title='bbox 762 2377 887 2427; x_wconf 78' lang='lat' dir='ltr'>oonsilio:</span> <span class='ocrx_word' id='word_1_237' title='bbox 901 2376 991 2428; x_wconf 89' lang='lat' dir='ltr'>betont</span> <span class='ocrx_word' id='word_1_238' title='bbox 1003 2378 1036 2428; x_wconf 92' lang='lat' dir='ltr'>im</span> <span class='ocrx_word' id='word_1_239' title='bbox 1047 2376 1144 2442; x_wconf 81' lang='lat' dir='ltr'>Gegen·</span> 
     </span>
    </p>

    <p class='ocr_par' dir='ltr' id='par_1_4' title="bbox 60 2440 803 2507">
     <span class='ocr_line' id='line_1_26' title="bbox 60 2440 803 2507; baseline 0.001 -14"><span class='ocrx_word' id='word_1_240' title='bbox 60 2441 112 2493; x_wconf 80' lang='grc' dir='ltr'>θα.</span> <span class='ocrx_word' id='word_1_241' title='bbox 148 2440 196 2492; x_wconf 86' lang='lat' dir='ltr'>Die</span> <span class='ocrx_word' id='word_1_242' title='bbox 219 2442 253 2492; x_wconf 90' lang='lat' dir='ltr'>irn</span> <span class='ocrx_word' id='word_1_243' title='bbox 272 2441 333 2507; x_wconf 78' lang='lat' dir='ltr'>lolg.</span> <span class='ocrx_word' id='word_1_244' title='bbox 358 2441 490 2506; x_wconf 76' lang='lat' dir='ltr'>gegebene</span> <span class='ocrx_word' id='word_1_245' title='bbox 509 2440 578 2493; x_wconf 87' lang='lat' dir='ltr'>Orts-</span> <span class='ocrx_word' id='word_1_246' title='bbox 630 2447 685 2493; x_wconf 85' lang='lat' dir='ltr'>salz</span> <span class='ocrx_word' id='word_1_247' title='bbox 704 2459 734 2494; x_wconf 86' lang='lat' dir='ltr'>zu</span> <span class='ocrx_word' id='word_1_248' title='bbox 754 2444 803 2494; x_wconf 82' lang='lat' dir='ltr'>die.</span> 
     </span>
    </p>

    <p class='ocr_par' dir='ltr' id='par_1_5' title="bbox 59 2505 1144 2596">
     <span class='ocr_line' id='line_1_27' title="bbox 59 2505 1144 2596; baseline 0 -34"><span class='ocrx_word' id='word_1_249' title='bbox 59 2509 251 2575; x_wconf 77' lang='lat' dir='ltr'>beschreibcng</span> <span class='ocrx_word' id='word_1_250' title='bbox 262 2509 326 2560; x_wconf 78' lang='lat' dir='ltr'>uird</span> <span class='ocrx_word' id='word_1_251' title='bbox 339 2509 418 2561; x_wconf 85' lang='lat' dir='ltr'>durch</span> <span class='ocrx_word' id='word_1_252' title='bbox 435 2509 476 2561; x_wconf 90' lang='lat' dir='ltr'>die</span> <span class='ocrx_word' id='word_1_253' title='bbox 488 2508 579 2561; x_wconf 87' lang='lat' dir='ltr'>Unter-</span> <span class='ocrx_word' id='word_1_254' title='bbox 664 2515 853 2596; x_wconf 72' lang='lat' dir='ltr'>temptabatur:</span> <span class='ocrx_word' id='word_1_255' title='bbox 872 2505 909 2563; x_wconf 84' lang='lat' dir='ltr'>‘er</span> <span class='ocrx_word' id='word_1_256' title='bbox 925 2511 1014 2563; x_wconf 88' lang='lat' dir='ltr'>wurde</span> <span class='ocrx_word' id='word_1_257' title='bbox 1032 2512 1144 2577; x_wconf 82' lang='lat' dir='ltr'>heimge-</span> 
     </span>
    </p>

    <p class='ocr_par' dir='ltr' id='par_1_6' title="bbox 59 2576 725 2643">
     <span class='ocr_line' id='line_1_28' title="bbox 59 2576 725 2643; baseline 0.002 -14"><span class='ocrx_word' id='word_1_258' title='bbox 59 2578 179 2643; x_wconf 77' lang='lat' dir='ltr'>sucbung</span> <span class='ocrx_word' id='word_1_259' title='bbox 198 2592 229 2628; x_wconf 91' lang='lat' dir='ltr'>an</span> <span class='ocrx_word' id='word_1_260' title='bbox 244 2576 288 2629; x_wconf 86' lang='lat' dir='ltr'>Ort</span> <span class='ocrx_word' id='word_1_261' title='bbox 305 2576 356 2628; x_wconf 93' lang='lat' dir='ltr'>und</span> <span class='ocrx_word' id='word_1_262' title='bbox 371 2576 451 2629; x_wconf 90' lang='lat' dir='ltr'>Stelle</span> <span class='ocrx_word' id='word_1_263' title='bbox 468 2578 493 2629; x_wconf 94' lang='lat' dir='ltr'>in</span> <span class='ocrx_word' id='word_1_264' title='bbox 511 2578 577 2629; x_wconf 85' lang='lat' dir='ltr'>allen</span> <span class='ocrx_word' id='word_1_265' title='bbox 630 2579 725 2630; x_wconf 91' lang='lat' dir='ltr'>sucbt.</span> 
     </span>
    </p>

    <p class='ocr_par' dir='ltr' id='par_1_7' title="bbox 58 2645 1170 2848">
     <span class='ocr_line' id='line_1_29' title="bbox 58 2645 1144 2713; baseline 0 -16"><span class='ocrx_word' id='word_1_266' title='bbox 58 2645 180 2699; x_wconf 87' lang='lat' dir='ltr'>Punbten</span> <span class='ocrx_word' id='word_1_267' title='bbox 199 2645 330 2711; x_wconf 71' lang='lat' dir='ltr'>bestdtigt.</span> <span class='ocrx_word' id='word_1_268' title='bbox 661 2648 761 2713; x_wconf 83' lang='lat' dir='ltr'>pabulo</span> <span class='ocrx_word' id='word_1_269' title='bbox 780 2683 786 2697; x_wconf 93' lang='lat'>.</span> <span class='ocrx_word' id='word_1_270' title='bbox 806 2683 812 2696; x_wconf 95' lang='lat'>.</span> <span class='ocrx_word' id='word_1_271' title='bbox 831 2685 837 2697; x_wconf 88' lang='lat'><strong>.</strong></span> <span class='ocrx_word' id='word_1_272' title='bbox 856 2662 934 2695; x_wconf 83' lang='lat' dir='ltr'>arvo:</span> <span class='ocrx_word' id='word_1_273' title='bbox 953 2646 1087 2711; x_wconf 78' lang='lat' dir='ltr'>Miscbung</span> <span class='ocrx_word' id='word_1_274' title='bbox 1100 2646 1144 2697; x_wconf 83' lang='lat' dir='ltr'>der</span> 
     </span>
     <span class='ocr_line' id='line_1_30' title="bbox 93 2709 1143 2780; baseline 0 -16"><span class='ocrx_word' id='word_1_275' title='bbox 93 2719 232 2765; x_wconf 71' lang='lat' dir='ltr'>inmunes:</span> <span class='ocrx_word' id='word_1_276' title='bbox 248 2709 444 2779; x_wconf 78' lang='lat' dir='ltr'>‘abgabenirei’.</span> <span class='ocrx_word' id='word_1_277' title='bbox 629 2713 740 2780; x_wconf 79' lang='lat' dir='ltr'>Begriile</span> <span class='ocrx_word' id='word_1_278' title='bbox 758 2715 791 2764; x_wconf 90' lang='lat' dir='ltr'>im</span> <span class='ocrx_word' id='word_1_279' title='bbox 811 2712 954 2778; x_wconf 78' lang='lat' dir='ltr'>Gegensatz</span> <span class='ocrx_word' id='word_1_280' title='bbox 972 2728 1018 2765; x_wconf 85' lang='lat' dir='ltr'>zur</span> <span class='ocrx_word' id='word_1_281' title='bbox 1029 2713 1143 2765; x_wconf 87' lang='lat' dir='ltr'>Vermei-</span> 
     </span>
     <span class='ocr_line' id='line_1_31' title="bbox 92 2780 1170 2848; baseline -0.001 -14"><span class='ocrx_word' id='word_1_282' title='bbox 92 2784 275 2834; x_wconf 81' lang='lat' dir='ltr'>habebantur:</span> <span class='ocrx_word' id='word_1_283' title='bbox 289 2797 380 2847; x_wconf 78' lang='lat' dir='ltr'>wegen</span> <span class='ocrx_word' id='word_1_284' title='bbox 394 2781 438 2833; x_wconf 85' lang='lat' dir='ltr'>der</span> <span class='ocrx_word' id='word_1_285' title='bbox 449 2781 577 2833; x_wconf 88' lang='lat' dir='ltr'>verschie·</span> <span class='ocrx_word' id='word_1_286' title='bbox 630 2782 699 2847; x_wconf 79' lang='lat' dir='ltr'>dung</span> <span class='ocrx_word' id='word_1_287' title='bbox 722 2782 767 2834; x_wconf 90' lang='lat' dir='ltr'>der</span> <span class='ocrx_word' id='word_1_288' title='bbox 785 2780 963 2847; x_wconf 76' lang='lat' dir='ltr'>Konzinnitfit,</span> <span class='ocrx_word' id='word_1_289' title='bbox 987 2782 1026 2833; x_wconf 79' lang='lat' dir='ltr'>teir</span> <span class='ocrx_word' id='word_1_290' title='bbox 1042 2798 1143 2848; x_wconf 73' lang='lat' dir='ltr'>pascuo</span> <span class='ocrx_word' id='word_1_291' title='bbox 1168 2837 1170 2842; x_wconf 68' lang='grc'><strong>,</strong></span> 
     </span>
    </p>

    <p class='ocr_par' dir='ltr' id='par_1_8' title="bbox 58 2849 1142 2915">
     <span class='ocr_line' id='line_1_32' title="bbox 58 2849 1142 2915; baseline 0.001 -13"><span class='ocrx_word' id='word_1_292' title='bbox 58 2850 142 2902; x_wconf 88' lang='lat' dir='ltr'>denen</span> <span class='ocrx_word' id='word_1_293' title='bbox 155 2849 308 2915; x_wconf 76' lang='lat' dir='ltr'>Bedeutung</span> <span class='ocrx_word' id='word_1_294' title='bbox 319 2850 403 2902; x_wconf 86' lang='lat' dir='ltr'>dieses</span> <span class='ocrx_word' id='word_1_295' title='bbox 413 2849 539 2901; x_wconf 87' lang='lat' dir='ltr'>Verbums</span> <span class='ocrx_word' id='word_1_296' title='bbox 551 2851 577 2901; x_wconf 90' lang='lat' dir='ltr'>in</span> <span class='ocrx_word' id='word_1_297' title='bbox 630 2850 771 2913; x_wconf 77' lang='lat' dir='ltr'>cinenseits,</span> <span class='ocrx_word' id='word_1_298' title='bbox 791 2849 852 2900; x_wconf 91' lang='lat' dir='ltr'>oder</span> <span class='ocrx_word' id='word_1_299' title='bbox 862 2854 948 2914; x_wconf 74' lang='lat' dir='ltr'>segeti</span> <span class='ocrx_word' id='word_1_300' title='bbox 965 2849 1142 2903; x_wconf 85' lang='lat' dir='ltr'>andererseits.</span> 
     </span>
    </p>

    <p class='ocr_par' dir='ltr' id='par_1_9' title="bbox 56 2917 1142 2984">
     <span class='ocr_line' id='line_1_33' title="bbox 56 2917 1142 2984; baseline -0.001 -13"><span class='ocrx_word' id='word_1_301' title='bbox 56 2918 228 2983; x_wconf 79' lang='lat' dir='ltr'>Verbindung</span> <span class='ocrx_word' id='word_1_302' title='bbox 246 2918 293 2968; x_wconf 87' lang='lat' dir='ltr'>mit</span> <span class='ocrx_word' id='word_1_303' title='bbox 310 2918 359 2969; x_wconf 85' lang='lat' dir='ltr'>den</span> <span class='ocrx_word' id='word_1_304' title='bbox 377 2917 576 2970; x_wconf 85' lang='lat' dir='ltr'>rerschiedenen</span> <span class='ocrx_word' id='word_1_305' title='bbox 629 2917 678 2970; x_wconf 85' lang='lat' dir='ltr'>Iler</span> <span class='ocrx_word' id='word_1_306' title='bbox 700 2917 771 2984; x_wconf 80' lang='lat' dir='ltr'>Sing.</span> <span class='ocrx_word' id='word_1_307' title='bbox 794 2933 889 2969; x_wconf 79' lang='lat' dir='ltr'>orcum</span> <span class='ocrx_word' id='word_1_308' title='bbox 916 2919 949 2969; x_wconf 90' lang='lat' dir='ltr'>im</span> <span class='ocrx_word' id='word_1_309' title='bbox 977 2918 1142 2970; x_wconf 87' lang='lat' dir='ltr'>techniscben</span> 
     </span>
    </p>

    <p class='ocr_par' dir='ltr' id='par_1_10' title="bbox 57 2985 1143 3053">
     <span class='ocr_line' id='line_1_34' title="bbox 57 2985 1143 3053; baseline 0 -15"><span class='ocrx_word' id='word_1_310' title='bbox 57 2985 402 3052; x_wconf 69' lang='lat' dir='ltr'>Pridibatsbestimmungen</span> <span class='ocrx_word' id='word_1_311' title='bbox 421 2986 502 3051; x_wconf 79' lang='lat' dir='ltr'>vergl.</span> <span class='ocrx_word' id='word_1_312' title='bbox 515 3002 540 3038; x_wconf 93' lang='lat' dir='ltr'>n.</span> <span class='ocrx_word' id='word_1_313' title='bbox 554 3002 577 3040; x_wconf 88' lang='lat' dir='ltr'>a.</span> <span class='ocrx_word' id='word_1_314' title='bbox 630 2986 708 3038; x_wconf 88' lang='lat' dir='ltr'>Sinne</span> <span class='ocrx_word' id='word_1_315' title='bbox 723 3002 773 3038; x_wconf 86' lang='lat' dir='ltr'>von</span> <span class='ocrx_word' id='word_1_316' title='bbox 788 2986 832 3037; x_wconf 89' lang='lat' dir='ltr'>der</span> <span class='ocrx_word' id='word_1_317' title='bbox 843 2987 890 3037; x_wconf 77' lang='lat' dir='ltr'>Art</span> <span class='ocrx_word' id='word_1_318' title='bbox 902 2986 953 3039; x_wconf 90' lang='lat' dir='ltr'>und</span> <span class='ocrx_word' id='word_1_319' title='bbox 966 2986 1143 3053; x_wconf 74' lang='lat' dir='ltr'>Bestimmung</span> 
     </span>
    </p>

    <p class='ocr_par' dir='ltr' id='par_1_11' title="bbox 57 3049 1142 3258">
     <span class='ocr_line' id='line_1_35' title="bbox 57 3049 1140 3120; baseline -0.002 -12"><span class='ocrx_word' id='word_1_320' title='bbox 57 3058 129 3120; x_wconf 83' lang='grc'>64,5</span> <span class='ocrx_word' id='word_1_321' title='bbox 147 3054 201 3106; x_wconf 89' lang='lat' dir='ltr'>und</span> <span class='ocrx_word' id='word_1_322' title='bbox 219 3070 250 3106; x_wconf 84' lang='lat' dir='ltr'>zu</span> <span class='ocrx_word' id='word_1_323' title='bbox 270 3054 323 3106; x_wconf 86' lang='lat' dir='ltr'>Cat.</span> <span class='ocrx_word' id='word_1_324' title='bbox 344 3056 367 3120; x_wconf 86' lang='lat'>1,</span> <span class='ocrx_word' id='word_1_325' title='bbox 380 3058 410 3116; x_wconf 77' lang='lat'>43</span> <span class='ocrx_word' id='word_1_326' title='bbox 429 3056 451 3118; x_wconf 83' lang='lat'>2,</span> <span class='ocrx_word' id='word_1_327' title='bbox 466 3056 489 3106; x_wconf 83' lang='lat'>2.</span> <span class='ocrx_word' id='word_1_328' title='bbox 629 3070 679 3106; x_wconf 89' lang='lat' dir='ltr'>von</span> <span class='ocrx_word' id='word_1_329' title='bbox 698 3054 782 3106; x_wconf 88' lang='lat' dir='ltr'>Grund</span> <span class='ocrx_word' id='word_1_330' title='bbox 802 3054 854 3107; x_wconf 91' lang='lat' dir='ltr'>und</span> <span class='ocrx_word' id='word_1_331' title='bbox 872 3054 960 3107; x_wconf 91' lang='lat' dir='ltr'>Boden</span> <span class='ocrx_word' id='word_1_332' title='bbox 977 3049 1140 3119; x_wconf 80' lang='lat' dir='ltr'>‘Pssugland’.</span> 
     </span>
     <span class='ocr_line' id='line_1_36' title="bbox 92 3119 1142 3188; baseline 0 -14"><span class='ocrx_word' id='word_1_333' title='bbox 92 3124 116 3174; x_wconf 84' lang='lat'>6.</span> <span class='ocrx_word' id='word_1_334' title='bbox 134 3137 215 3173; x_wconf 77' lang='lat' dir='ltr'>usum</span> <span class='ocrx_word' id='word_1_335' title='bbox 232 3123 307 3174; x_wconf 81' lang='lat' dir='ltr'>belli:</span> <span class='ocrx_word' id='word_1_336' title='bbox 325 3138 357 3174; x_wconf 84' lang='lat' dir='ltr'>zu</span> <span class='ocrx_word' id='word_1_337' title='bbox 378 3125 418 3187; x_wconf 83' lang='grc'>84,</span> <span class='ocrx_word' id='word_1_338' title='bbox 431 3126 455 3176; x_wconf 86' lang='grc'>3.</span> <span class='ocrx_word' id='word_1_339' title='bbox 660 3128 754 3174; x_wconf 84' lang='lat' dir='ltr'>notum</span> <span class='ocrx_word' id='word_1_340' title='bbox 771 3120 876 3183; x_wconf 81' lang='lat' dir='ltr'>suerat:</span> <span class='ocrx_word' id='word_1_341' title='bbox 893 3119 957 3175; x_wconf 82' lang='lat' dir='ltr'>‘was</span> <span class='ocrx_word' id='word_1_342' title='bbox 977 3138 1004 3175; x_wconf 87' lang='lat' dir='ltr'>es</span> <span class='ocrx_word' id='word_1_343' title='bbox 1023 3123 1142 3188; x_wconf 77' lang='lat' dir='ltr'>gewacb·</span> 
     </span>
     <span class='ocr_line' id='line_1_37' title="bbox 90 3187 1097 3258; baseline 0.002 -17"><span class='ocrx_word' id='word_1_344' title='bbox 90 3193 155 3255; x_wconf 78' lang='lat' dir='ltr'>iugi</span> <span class='ocrx_word' id='word_1_345' title='bbox 162 3202 168 3236; x_wconf 76' lang='grc' dir='ltr'>ι</span> <span class='ocrx_word' id='word_1_346' title='bbox 185 3193 261 3256; x_wconf 78' lang='lat' dir='ltr'>iugis</span> <span class='ocrx_word' id='word_1_347' title='bbox 279 3207 350 3257; x_wconf 83' lang='lat' dir='ltr'>aquo</span> <span class='ocrx_word' id='word_1_348' title='bbox 368 3191 403 3242; x_wconf 90' lang='lat' dir='ltr'>ist</span> <span class='ocrx_word' id='word_1_349' title='bbox 422 3187 576 3242; x_wconf 82' lang='lat' dir='ltr'>&#39;dauerndes</span> <span class='ocrx_word' id='word_1_350' title='bbox 627 3206 703 3243; x_wconf 85' lang='lat' dir='ltr'>senes</span> <span class='ocrx_word' id='word_1_351' title='bbox 721 3192 836 3258; x_wconf 77' lang='lat' dir='ltr'>gegeben</span> <span class='ocrx_word' id='word_1_352' title='bbox 856 3188 950 3254; x_wconf 86' lang='lat' dir='ltr'>batte&#39;;</span> <span class='ocrx_word' id='word_1_353' title='bbox 969 3207 1000 3243; x_wconf 91' lang='lat' dir='ltr'>zu</span> <span class='ocrx_word' id='word_1_354' title='bbox 1019 3194 1097 3255; x_wconf 82' lang='lat'>93,1.</span> 
     </span>
    </p>

    <p class='ocr_par' dir='ltr' id='par_1_12' title="bbox 57 3250 1141 3462">
     <span class='ocr_line' id='line_1_38' title="bbox 57 3250 1140 3326; baseline 0 -16"><span class='ocrx_word' id='word_1_355' title='bbox 57 3257 206 3323; x_wconf 84' lang='lat' dir='ltr'>(anbaltend</span> <span class='ocrx_word' id='word_1_356' title='bbox 226 3258 386 3325; x_wconf 87' lang='lat' dir='ltr'>quellendes)</span> <span class='ocrx_word' id='word_1_357' title='bbox 404 3250 532 3311; x_wconf 85' lang='lat' dir='ltr'>Wasser&#39;.</span> <span class='ocrx_word' id='word_1_358' title='bbox 661 3264 771 3311; x_wconf 71' lang='lat' dir='ltr'>aestatis</span> <span class='ocrx_word' id='word_1_359' title='bbox 793 3266 952 3312; x_wconf 73' lang='lat' dir='ltr'>extremum:</span> <span class='ocrx_word' id='word_1_360' title='bbox 976 3260 1045 3326; x_wconf 78' lang='lat' dir='ltr'>giebt</span> <span class='ocrx_word' id='word_1_361' title='bbox 1067 3261 1140 3312; x_wconf 89' lang='lat' dir='ltr'>einen</span> 
     </span>
     <span class='ocr_line' id='line_1_39' title="bbox 91 3327 1141 3396; baseline 0 -18"><span class='ocrx_word' id='word_1_362' title='bbox 91 3333 195 3378; x_wconf 84' lang='lat' dir='ltr'>cetera:</span> <span class='ocrx_word' id='word_1_363' title='bbox 214 3327 324 3378; x_wconf 81' lang='lat' dir='ltr'>naimlich</span> <span class='ocrx_word' id='word_1_364' title='bbox 343 3343 422 3393; x_wconf 85' lang='lat' dir='ltr'>aqua.</span> <span class='ocrx_word' id='word_1_365' title='bbox 627 3327 965 3396; x_wconf 78' lang='lat' dir='ltr'>wicbtigendnbaltspunlrt</span> <span class='ocrx_word' id='word_1_366' title='bbox 975 3327 1064 3380; x_wconf 82' lang='lat' dir='ltr'>ldrdie</span> <span class='ocrx_word' id='word_1_367' title='bbox 1076 3328 1141 3379; x_wconf 77' lang='lat' dir='ltr'>Aus-</span> 
     </span>
     <span class='ocr_line' id='line_1_40' title="bbox 91 3394 1141 3462; baseline 0.001 -15"><span class='ocrx_word' id='word_1_368' title='bbox 91 3399 116 3447; x_wconf 76' lang='lat' dir='ltr'>t.</span> <span class='ocrx_word' id='word_1_369' title='bbox 150 3396 293 3448; x_wconf 77' lang='lat' dir='ltr'>incultius:</span> <span class='ocrx_word' id='word_1_370' title='bbox 323 3396 368 3447; x_wconf 88' lang='lat' dir='ltr'>das</span> <span class='ocrx_word' id='word_1_371' title='bbox 395 3394 506 3446; x_wconf 78' lang='lat' dir='ltr'>Adverb.</span> <span class='ocrx_word' id='word_1_372' title='bbox 534 3395 575 3446; x_wconf 92' lang='lat' dir='ltr'>bei</span> <span class='ocrx_word' id='word_1_373' title='bbox 627 3411 749 3462; x_wconf 76' lang='lat' dir='ltr'>messung</span> <span class='ocrx_word' id='word_1_374' title='bbox 773 3397 818 3448; x_wconf 84' lang='lat' dir='ltr'>der</span> <span class='ocrx_word' id='word_1_375' title='bbox 842 3397 921 3447; x_wconf 90' lang='lat' dir='ltr'>drei</span> <span class='ocrx_word' id='word_1_376' title='bbox 944 3395 1071 3461; x_wconf 79' lang='lat' dir='ltr'>Feldzdge</span> <span class='ocrx_word' id='word_1_377' title='bbox 1096 3396 1141 3448; x_wconf 81' lang='lat' dir='ltr'>des</span> 
     </span>
    </p>

    <p class='ocr_par' dir='ltr' id='par_1_13' title="bbox 57 3462 1141 3530">
     <span class='ocr_line' id='line_1_41' title="bbox 57 3462 1141 3530; baseline 0.002 -17"><span class='ocrx_word' id='word_1_378' title='bbox 57 3478 138 3529; x_wconf 79' lang='lat' dir='ltr'>agere</span> <span class='ocrx_word' id='word_1_379' title='bbox 150 3465 198 3515; x_wconf 87' lang='lat' dir='ltr'>mit</span> <span class='ocrx_word' id='word_1_380' title='bbox 209 3464 334 3516; x_wconf 87' lang='lat' dir='ltr'>nnbelebt</span> <span class='ocrx_word' id='word_1_381' title='bbox 346 3464 496 3529; x_wconf 79' lang='lat' dir='ltr'>gedachtem</span> <span class='ocrx_word' id='word_1_382' title='bbox 510 3462 575 3514; x_wconf 88' lang='lat' dir='ltr'>Sub·</span> <span class='ocrx_word' id='word_1_383' title='bbox 627 3463 721 3516; x_wconf 86' lang='lat' dir='ltr'>blarius</span> <span class='ocrx_word' id='word_1_384' title='bbox 731 3468 789 3530; x_wconf 80' lang='grc'>647,</span> <span class='ocrx_word' id='word_1_385' title='bbox 800 3465 858 3528; x_wconf 83' lang='grc'>648,</span> <span class='ocrx_word' id='word_1_386' title='bbox 868 3467 917 3518; x_wconf 81' lang='grc'>649</span> <span class='ocrx_word' id='word_1_387' title='bbox 927 3467 995 3527; x_wconf 78' lang='grc'><strong>(107,</strong></span> <span class='ocrx_word' id='word_1_388' title='bbox 1007 3468 1063 3528; x_wconf 86' lang='grc'>106,</span> <span class='ocrx_word' id='word_1_389' title='bbox 1076 3467 1141 3530; x_wconf 72' lang='grc'><strong>105),</strong></span> 
     </span>
    </p>

    <p class='ocr_par' dir='ltr' id='par_1_14' title="bbox 54 3529 1001 3598">
     <span class='ocr_line' id='line_1_42' title="bbox 54 3529 1001 3598; baseline 0.001 -16"><span class='ocrx_word' id='word_1_390' title='bbox 54 3531 126 3595; x_wconf 82' lang='lat' dir='ltr'>jalrt;</span> <span class='ocrx_word' id='word_1_391' title='bbox 137 3532 192 3598; x_wconf 79' lang='lat' dir='ltr'>rgl.</span> <span class='ocrx_word' id='word_1_392' title='bbox 204 3547 235 3584; x_wconf 88' lang='lat' dir='ltr'>zu</span> <span class='ocrx_word' id='word_1_393' title='bbox 247 3536 288 3597; x_wconf 77' lang='grc'>55,</span> <span class='ocrx_word' id='word_1_394' title='bbox 301 3535 329 3592; x_wconf 81' lang='lat'>2;</span> <span class='ocrx_word' id='word_1_395' title='bbox 344 3532 449 3598; x_wconf 74' lang='lat' dir='ltr'>vglAEp.</span> <span class='ocrx_word' id='word_1_396' title='bbox 459 3529 575 3598; x_wconf 83' lang='lat' dir='ltr'>Pomptt</span> <span class='ocrx_word' id='word_1_397' title='bbox 628 3547 660 3583; x_wconf 86' lang='lat' dir='ltr'>an</span> <span class='ocrx_word' id='word_1_398' title='bbox 678 3533 719 3583; x_wconf 89' lang='lat' dir='ltr'>die</span> <span class='ocrx_word' id='word_1_399' title='bbox 737 3531 822 3592; x_wconf 84' lang='lat' dir='ltr'>lland;</span> <span class='ocrx_word' id='word_1_400' title='bbox 841 3547 861 3582; x_wconf 85' lang='lat' dir='ltr'>s·</span> <span class='ocrx_word' id='word_1_401' title='bbox 873 3549 904 3585; x_wconf 85' lang='lat' dir='ltr'>zu</span> <span class='ocrx_word' id='word_1_402' title='bbox 923 3535 964 3597; x_wconf 78' lang='lat'>92,</span> <span class='ocrx_word' id='word_1_403' title='bbox 978 3536 1001 3583; x_wconf 80' lang='lat'>5.</span> 
     </span>
    </p>

    <p class='ocr_par' dir='ltr' id='par_1_15' title="bbox 56 3598 1141 3872">
     <span class='ocr_line' id='line_1_43' title="bbox 58 3598 1141 3666; baseline 0.002 -16"><span class='ocrx_word' id='word_1_404' title='bbox 58 3599 147 3652; x_wconf 83' lang='lat' dir='ltr'>Gallia</span> <span class='ocrx_word' id='word_1_405' title='bbox 172 3640 178 3652; x_wconf 92' lang='lat'><strong>.</strong></span> <span class='ocrx_word' id='word_1_406' title='bbox 198 3638 231 3654; x_wconf 91' lang='lat'>..</span> <span class='ocrx_word' id='word_1_407' title='bbox 255 3602 335 3652; x_wconf 76' lang='lat' dir='ltr'>molis</span> <span class='ocrx_word' id='word_1_408' title='bbox 357 3600 492 3662; x_wconf 75' lang='lat' dir='ltr'>fructibus</span> <span class='ocrx_word' id='word_1_409' title='bbox 517 3604 576 3666; x_wconf 83' lang='lat' dir='ltr'>ipro</span> <span class='ocrx_word' id='word_1_410' title='bbox 662 3605 761 3650; x_wconf 84' lang='lat' dir='ltr'>tomen:</span> <span class='ocrx_word' id='word_1_411' title='bbox 775 3600 816 3651; x_wconf 89' lang='lat' dir='ltr'>die</span> <span class='ocrx_word' id='word_1_412' title='bbox 826 3600 1015 3666; x_wconf 82' lang='lat' dir='ltr'>Einschiebung</span> <span class='ocrx_word' id='word_1_413' title='bbox 1026 3599 1071 3651; x_wconf 88' lang='lat' dir='ltr'>der</span> <span class='ocrx_word' id='word_1_414' title='bbox 1081 3598 1141 3652; x_wconf 89' lang='lat' dir='ltr'>Par·</span> 
     </span>
     <span class='ocr_line' id='line_1_44' title="bbox 56 3666 1141 3734; baseline 0.002 -16"><span class='ocrx_word' id='word_1_415' title='bbox 56 3671 105 3719; x_wconf 71' lang='lat' dir='ltr'>oie</span> <span class='ocrx_word' id='word_1_416' title='bbox 123 3672 222 3734; x_wconf 77' lang='lat' dir='ltr'>agitat.</span> <span class='ocrx_word' id='word_1_417' title='bbox 628 3666 690 3719; x_wconf 82' lang='lat' dir='ltr'>tikel</span> <span class='ocrx_word' id='word_1_418' title='bbox 709 3669 743 3719; x_wconf 90' lang='lat' dir='ltr'>ist</span> <span class='ocrx_word' id='word_1_419' title='bbox 760 3668 900 3721; x_wconf 84' lang='lat' dir='ltr'>reranlalst</span> <span class='ocrx_word' id='word_1_420' title='bbox 912 3668 990 3721; x_wconf 88' lang='lat' dir='ltr'>durch</span> <span class='ocrx_word' id='word_1_421' title='bbox 1009 3669 1058 3720; x_wconf 88' lang='lat' dir='ltr'>den</span> <span class='ocrx_word' id='word_1_422' title='bbox 1077 3668 1141 3723; x_wconf 79' lang='lat' dir='ltr'>lton·</span> 
     </span>
     <span class='ocr_line' id='line_1_45' title="bbox 90 3734 1088 3790; baseline 0.001 -2"><span class='ocrx_word' id='word_1_423' title='bbox 90 3739 166 3788; x_wconf 80' lang='lat' dir='ltr'>cibm</span> <span class='ocrx_word' id='word_1_424' title='bbox 178 3737 233 3788; x_wconf 78' lang='lat' dir='ltr'>illis</span> <span class='ocrx_word' id='word_1_425' title='bbox 245 3741 308 3790; x_wconf 75' lang='lat' dir='ltr'>etc:</span> <span class='ocrx_word' id='word_1_426' title='bbox 323 3736 370 3787; x_wconf 90' lang='lat' dir='ltr'>mit</span> <span class='ocrx_word' id='word_1_427' title='bbox 379 3736 461 3788; x_wconf 85' lang='lat' dir='ltr'>einero</span> <span class='ocrx_word' id='word_1_428' title='bbox 475 3734 573 3788; x_wconf 89' lang='lat' dir='ltr'>Seiten·</span> <span class='ocrx_word' id='word_1_429' title='bbox 626 3736 743 3788; x_wconf 84' lang='lat' dir='ltr'>zessiren</span> <span class='ocrx_word' id='word_1_430' title='bbox 761 3735 845 3787; x_wconf 82' lang='lat' dir='ltr'>lnbalt</span> <span class='ocrx_word' id='word_1_431' title='bbox 862 3736 907 3788; x_wconf 92' lang='lat' dir='ltr'>der</span> <span class='ocrx_word' id='word_1_432' title='bbox 924 3736 1088 3790; x_wconf 87' lang='lat' dir='ltr'>Parentbese.</span> 
     </span>
     <span class='ocr_line' id='line_1_46' title="bbox 56 3803 1139 3872; baseline 0.002 -16"><span class='ocrx_word' id='word_1_433' title='bbox 56 3803 126 3856; x_wconf 83' lang='lat' dir='ltr'>bliclr</span> <span class='ocrx_word' id='word_1_434' title='bbox 146 3804 192 3856; x_wconf 84' lang='lat' dir='ltr'>anf</span> <span class='ocrx_word' id='word_1_435' title='bbox 208 3804 254 3857; x_wconf 90' lang='lat' dir='ltr'>das</span> <span class='ocrx_word' id='word_1_436' title='bbox 271 3803 443 3856; x_wconf 85' lang='lat' dir='ltr'>Ralfinement</span> <span class='ocrx_word' id='word_1_437' title='bbox 460 3819 512 3857; x_wconf 84' lang='lat' dir='ltr'>von</span> <span class='ocrx_word' id='word_1_438' title='bbox 531 3804 573 3855; x_wconf 84' lang='lat' dir='ltr'>da·</span> <span class='ocrx_word' id='word_1_439' title='bbox 656 3821 708 3871; x_wconf 81' lang='lat' dir='ltr'>pro</span> <span class='ocrx_word' id='word_1_440' title='bbox 726 3808 767 3855; x_wconf 85' lang='lat' dir='ltr'>rei</span> <span class='ocrx_word' id='word_1_441' title='bbox 784 3808 874 3871; x_wconf 79' lang='lat' dir='ltr'>copia:</span> <span class='ocrx_word' id='word_1_442' title='bbox 892 3806 944 3872; x_wconf 80' lang='lat' dir='ltr'>vgl.</span> <span class='ocrx_word' id='word_1_443' title='bbox 958 3808 1027 3870; x_wconf 81' lang='lat'>39,5</span> <span class='ocrx_word' id='word_1_444' title='bbox 1046 3824 1080 3858; x_wconf 73' lang='lat' dir='ltr'>eo</span> <span class='ocrx_word' id='word_1_445' title='bbox 1099 3824 1139 3858; x_wconf 86' lang='lat' dir='ltr'>oo-</span> 
     </span>
    </p>

    <p class='ocr_par' dir='ltr' id='par_1_16' title="bbox 55 3871 792 3943">
     <span class='ocr_line' id='line_1_47' title="bbox 55 3871 792 3943; baseline 0 -17"><span class='ocrx_word' id='word_1_446' title='bbox 55 3871 245 3943; x_wconf 56' lang='lat' dir='ltr'>rnalssgesagu</span> <span class='ocrx_word' id='word_1_447' title='bbox 263 3872 315 3938; x_wconf 73' lang='lat' dir='ltr'>vgl.</span> <span class='ocrx_word' id='word_1_448' title='bbox 335 3873 387 3925; x_wconf 79' lang='lat' dir='ltr'>Cat.</span> <span class='ocrx_word' id='word_1_449' title='bbox 406 3875 447 3940; x_wconf 82' lang='lat'>13,</span> <span class='ocrx_word' id='word_1_450' title='bbox 461 3874 484 3926; x_wconf 88' lang='lat'>3.</span> <span class='ocrx_word' id='word_1_451' title='bbox 624 3876 672 3942; x_wconf 81' lang='lat' dir='ltr'>pio</span> <span class='ocrx_word' id='word_1_452' title='bbox 689 3888 792 3928; x_wconf 79' lang='lat' dir='ltr'>rerum·</span> 
     </span>
    </p>
   </div>
   <div class='ocr_carea' id='block_1_4' title="bbox 0 0 1254 4276">
    <p class='ocr_par' dir='ltr' id='par_1_17' title="bbox 0 0 1254 4276">
     <span class='ocr_line' id='line_1_48' title="bbox 0 0 1254 4276; baseline 0 2"><span class='ocrx_word' id='word_1_453' title='bbox 0 0 1254 4276; x_wconf 95' lang='lat' dir='ltr'> </span> 
     </span>
    </p>
   </div>
  </div>
 </body>
</html>
