2498 4276
125 124 185 182 132
505 124 531 175 (l.
550 122 706 175 snllvsrr
723 122 825 176 CRISPl

125 317 199 376 quae
214 296 327 369 scriba,
344 305 373 356 et
387 295 450 370 illa,
473 314 548 375 quae
564 304 650 356 antea
664 297 695 356 in
712 304 817 357 senatu
834 304 955 374 questus
969 315 1052 370 sum,
1069 315 1144 358 vana
1158 298 1197 358 lo·

75 396 102 448 10
124 392 192 444 rent
207 382 315 462 potius,
331 400 417 461 quam
434 381 550 442 miseria
567 400 631 442 mea
641 382 729 442 fidem
739 381 835 442 verbis
847 383 966 442 laceret.
993 383 1197 461 sedquoniam

126 488 160 529 eo
177 477 359 539 natussum,
382 479 415 527 ut
429 467 589 544 Iugurthae
611 466 756 528 scelerum
779 467 909 528 ostentui
932 485 1045 543 essem,
1069 487 1133 530 nou
1147 469 1197 528 iam
1219 478 1241 548 1

126 563 252 614 mortem
268 571 366 631 neque
382 569 548 625 aerumnae,
564 561 679 613 tantum
693 551 781 613 modo
793 551 905 612 inimici
916 551 1075 631 imperium
1092 562 1123 614 et
1137 573 1198 615 cru·
1239 575 1241 608 ε

126 640 219 700 ciatus
241 637 376 718 corporis
398 636 552 716 deprecor.
589 655 683 715 regno
698 636 868 711 Numidiae,
891 637 971 715 quod
993 647 1128 699 vostrum
1151 647 1198 711 est,
1239 632 1241 706 ἶ

126 725 169 785 uti
191 725 275 785 lubet
296 722 456 795 consulite3
479 722 679 784 mamanibus
697 723 787 802 inpiis
809 722 929 802 eripite,
952 741 1008 801 per
1023 725 1200 785 maiestatem

127 810 247 888 imperi,
263 825 318 886 per
332 807 475 867 amicitiae
492 808 593 882 fidem,
616 809 641 869 si
660 808 718 868 ulla
733 808 811 887 apud
834 827 885 869 vos
906 809 1049 870 memoria
1072 817 1200 870 remanet

127 895 170 955 avi
186 893 243 953 mei
259 882 446 953 Masinissae?

74 987 112 1042 25
216 978 268 1039 His
283 977 389 1038 litteris
404 976 532 1038 recitatis
546 977 629 1037 fuere
644 977 695 1055 qui
710 977 871 1038 exercitum
887 977 917 1038 in
934 978 1064 1039 Africam
1080 978 1200 1041 mittun-

128 1065 197 1125 dum
221 1071 377 1124 censerent
393 1072 422 1123 et
445 1080 531 1142 quam
554 1065 681 1140 primum
705 1062 859 1123 Adherbali
883 1062 1144 1138 subveniundum
1169 1065 1200 1126 de

128 1149 270 1228 Iugurtha
282 1148 401 1209 interim
414 1148 458 1208 uti
470 1148 686 1219 consuleretur,
703 1148 843 1226 quoniam
855 1149 957 1228 legatis
973 1167 1034 1210 non
1052 1151 1200 1229 paruisset

88 1247 103 1297 2
124 1236 175 1296 sed
191 1234 227 1294 ab
244 1233 336 1295 isdem
352 1233 409 1294 illis
424 1233 501 1312 regis
517 1232 681 1293 fautoribus
693 1251 805 1293 summa
823 1252 879 1312 ope
895 1235 1010 1295 enisum
1023 1243 1079 1309 est,
1096 1254 1135 1296 ne
1150 1236 1201 1297 tale

89 1331 104 1380 3
126 1321 277 1381 decretum
300 1321 394 1379 lieret.
431 1319 470 1379 ita
485 1317 600 1379 bonum
614 1317 782 1396 publicum,
806 1326 840 1379 ut
860 1319 891 1379 in
911 1319 1064 1399 plerisque
1080 1321 1201 1400 negotiis

90 1418 105 1466 l
126 1406 216 1478 solet,
239 1404 349 1485 privata
372 1403 463 1483 gratia
478 1403 634 1463 devictum.
672 1403 809 1482 legantur
830 1412 927 1465 tamen
952 1404 983 1465 in
999 1404 1130 1466 Africam
1147 1424 1201 1466 ma·

128 1491 206 1552 iores
223 1498 293 1550 natu
310 1488 440 1561 nobiles,
463 1488 567 1568 amplis
582 1487 747 1549 honoribus
763 1488 823 1564 usi;
846 1489 878 1549 in
901 1490 967 1568 quis
988 1490 1045 1550 luit
1061 1490 1099 1551 bl.
1117 1491 1201 1552 Scau·

127 1595 193 1646 rus,
223 1576 258 1635 de
282 1593 340 1653 quo
370 1593 460 1653 supra
482 1574 723 1646 memoravimus,
753 1574 917 1635 consularis
944 1583 974 1635 et
1001 1584 1066 1635 tum
1087 1586 1202 1638 senatus

126 1662 276 1741 princeps.

90 1758 104 1806 e
212 1746 262 1819 Ei,
280 1746 359 1824 quod
375 1763 422 1805 res
440 1745 471 1805 in
488 1743 595 1804 invidia
618 1751 681 1804 erat
702 1743 789 1804 simul
804 1753 835 1804 et
849 1743 885 1804 ab
901 1744 1034 1805 Numidis
1051 1745 1202 1818 obsecrati,

127 1832 225 1892 triduo
250 1831 344 1891 navim
366 1831 545 1902 adsendere,
567 1829 635 1889 dein
659 1828 740 1888 brevi
756 1829 868 1890 Uticam
899 1829 1013 1909 adpulsi
1036 1829 1151 1894 litteras
1171 1831 1203 1892 ad

128 1916 298 1995 Iugurtham
314 1915 449 1975 mittunt:
467 1932 555 1993 quam
568 1914 713 1976 ocissume
729 1915 763 1974 ad
776 1914 958 1994 provinciam
969 1916 1100 1991 accedat,
1117 1935 1203 1997 seque

90 2012 105 2061 6
126 2002 162 2061 ad
178 2019 244 2062 eum
260 2000 296 2060 ab
311 2008 416 2060 senatu
433 2000 546 2060 missos.
583 1999 632 2060 ille
648 1998 700 2059 ubi
715 2000 829 2077 accepit
844 1999 980 2061 homines
996 2000 1109 2076 claros,
1134 2021 1204 2083 quo·

129 2104 194 2147 rum
207 2086 412 2146 auctoritatem
424 2085 534 2144 Romae
544 2085 656 2163 pollere
669 2084 827 2158 audiverat,
840 2093 944 2145 contra
955 2086 1110 2164 inceptum
1122 2105 1204 2149 suum

127 2172 259 2242 venisse,
282 2170 379 2248 primo
402 2178 568 2230 commotus
589 2177 671 2230 metu
693 2177 781 2248 atque
803 2170 935 2230 lubidine
958 2171 1094 2233 divorsus
1116 2174 1204 2253 agita·

128 2306 169 2367 46,
182 2306 207 2367 6)
222 2302 301 2353 lllend
319 2301 390 2353 nicht
403 2318 434 2352 au
448 2303 586 2357 verlassen.
605 2304 640 2354 lm
692 2302 864 2355 Jabrhundert
881 2303 926 2355 der
944 2303 1073 2370 Republik
1095 2321 1144 2357 nur
1161 2305 1204 2358 Pa-

128 2371 266 2436 lolgenden
287 2369 350 2420 wird
368 2369 435 2421 dann
452 2369 493 2421 die
511 2370 580 2422 Bitte
599 2386 642 2438 ge·
693 2371 787 2423 trizier.

127 2455 178 2491 nau
190 2439 323 2491 bestimmt
341 2437 392 2489 und
411 2438 456 2489 aui
470 2440 509 2491 ihr
528 2439 641 2491 beschei·
721 2444 750 2492 ⁴5.
768 2442 798 2488 in
815 2440 920 2489 inuidia
939 2438 1048 2491 nimlich
1070 2442 1146 2505 apud
1162 2457 1205 2507 po·

128 2509 231 2560 deustes
249 2505 313 2560 blais
332 2507 540 2572 zurriclrgeltilrrt.
690 2508 802 2573 palam
830 2506 875 2558 der
904 2507 1056 2573 allgemeine
1090 2507 1205 2573 Unwille,

164 2580 204 2629 10.
222 2578 339 2626 inimici:
358 2575 402 2627 hat
420 2575 468 2627 den
480 2575 641 2630 Nacbdruck.
693 2575 741 2627 den
761 2574 801 2626 die
814 2574 896 2627 Sache
912 2582 995 2642 erregt
1007 2576 1088 2640 batte,
1106 2579 1205 2630 machte

127 2645 177 2697 Der
190 2644 264 2696 Sion:
282 2641 333 2697 ‘ich
347 2643 401 2694 will
419 2659 481 2710 geru
496 2645 577 2697 unirei
590 2645 642 2697 und
692 2643 747 2694 Eile
769 2643 849 2708 notig.
1118 2643 1122 2651 “

128 2713 223 2765 andern
242 2713 415 2765 unterworien
434 2715 497 2777 sein,
516 2715 576 2766 aber
594 2730 641 2764 nur
724 2711 806 2762 cimai
816 2716 853 2762 et:
872 2727 903 2762 zu
917 2713 957 2773 20,
973 2714 995 2774 l,
1008 2711 1063 2763 hier
1076 2711 1121 2765 der
1133 2713 1206 2766 Form

128 2782 185 2833 dem
203 2781 322 2847 iugurtha
344 2774 438 2832 nicbt'.
693 2779 758 2831 nach
776 2779 910 2845 ungleiclne
922 2779 1024 2831 Glieder
1041 2781 1206 2834 verbindend.

162 2850 230 2900 nlla:
242 2845 341 2914 ‘irgend
359 2850 400 2901 ein
414 2848 563 2913 Andenlren,
576 2849 641 2901 anch
726 2865 817 2913 seque:
826 2847 1206 2915 dieKonjunlrtionqnclrndplt

129 2918 174 2969 das
194 2910 345 2984 geringste'.
375 2917 425 2968 Cic.
439 2917 471 2967 ad
484 2916 552 2969 Fam.
572 2919 641 2980 216
692 2915 858 2969 unmittelbar
876 2932 908 2967 an
927 2915 973 2967 das
992 2931 1038 2967 aus
1051 2921 1205 2970 mittantau

128 2986 186 3049 fib'o
205 3002 262 3036 meo
275 3023 282 3036 .
296 3025 302 3037 .
315 3023 343 3046 .‚
361 2988 386 3034 ei
402 2987 455 3035 erit
465 2985 521 3035 alla
534 3003 576 3036 res
591 3002 641 3051 pa·
693 2983 879 3036 eutnebmende
893 2983 1003 3036 Verbum
1022 2984 1136 3046 dicendi;
1156 2986 1206 3052 agl.

130 3057 211 3116 blica,
232 3057 297 3104 uatis
314 3053 431 3118 amplam
447 3056 642 3118 patrimonium
693 3051 765 3104 Caes.
778 3052 806 3104 B.
820 3052 848 3104 G.
862 3056 886 3113 4,
899 3055 923 3114 6,
936 3056 951 3106 3
970 3056 1097 3116 cognouit
1113 3059 1206 3105 missas

129 3123 278 3188 relinquam
288 3123 442 3171 memoriam
451 3123 569 3171 nominis
577 3125 643 3171 mei:
694 3121 840 3185 legationes
858 3124 890 3171 ab
902 3122 1040 3171 nonnullis
1052 3124 1207 3174 civitatibus

129 3194 171 3240 ein
190 3195 278 3240 antem
290 3190 367 3240 nulla
380 3191 440 3249 erat,
453 3189 523 3239 nibil
540 3190 644 3239 accidet
694 3189 730 3239 ad
749 3187 893 3240 Germanos
910 3192 1089 3253 irtuitatasqne
1107 3207 1152 3242 aas
1169 3193 1208 3241 ati

130 3263 155 3308 ai
172 3261 317 3322 separatim
335 3273 352 3306 a
369 3255 481 3322 reliquie
499 3259 609 3307 civitas.
694 3259 726 3306 ab
753 3254 843 3306 Ilbeno
873 3257 1038 3308 discederent
1066 3262 1208 3325 omniaque

125 3345 127 3349 ¹
163 3327 211 3383 25.
248 3328 272 3379 2.
308 3328 422 3375 ennam:
441 3323 593 3390 passiviscb3
613 3339 643 3376 so
694 3339 762 3389 qaae
780 3324 961 3389 ppetalament
982 3327 1014 3375 ab
1038 3342 1066 3375 ce
1081 3325 1145 3387 scm
1158 3343 1207 3393 pa·

131 3411 177 3446 nur
196 3396 262 3446 bier:
282 3410 313 3446 zu
334 3396 389 3452 101,
403 3395 426 3446 9.
694 3397 763 3442 rata.
793 3391 919 3444 Abolicbe
936 3393 997 3445 lreie
1010 3393 1152 3461 Aufugung
1163 3396 1207 3446 mit

165 3467 189 3515 4.
208 3466 323 3512 maiores
340 3466 419 3512 nata:
442 3461 476 3511 im
500 3458 642 3526 Gegensatz
694 3464 774 3524 arque
791 3458 842 3509 und
860 3476 892 3511 ac
907 3463 948 3526 29,
960 3465 988 3521 53
1010 3464 1066 3526 109,
1079 3465 1104 3516 3.

132 3547 163 3581 zu
182 3533 253 3594 tto
271 3536 323 3581 toea
342 3530 529 3580 adulescentes.
729 3528 752 3578 6.
770 3531 842 3577 meaa
865 3533 944 3594 atque
964 3530 1097 3581 lubidine:
1117 3532 1206 3597 gehdrt

165 3616 259 3664 snpra:
279 3598 387 3650 ndmlich
409 3602 448 3662 15,
467 3601 490 3650 4.
694 3610 751 3645 zum
770 3592 847 3647 Verb.
862 3595 936 3661 finit,
956 3597 1026 3648 nicht
1044 3614 1075 3649 zu
1094 3615 1206 3652 comma

165 3671 272 3716 senatus
290 3670 429 3732 princeps:
456 3666 498 3717 dle
522 3662 644 3730 gewdhn·
694 3666 743 3714 luc.
863 3720 864 3723 Ἴ

132 3733 198 3784 licite
212 3733 331 3800 Stellung
341 3735 376 3785 ist
392 3741 464 3786 soust
474 3738 560 3800 princ.
573 3747 643 3794 sen.,·
728 3732 863 3782 divorsus:
880 3732 1031 3799 ebertragen
1045 3733 1090 3785 aui
1100 3735 1141 3786 cin
1155 3735 1206 3788 eiu·

132 3801 220 3853 diesen
239 3801 312 3868 Rang
335 3802 422 3853 hatten
447 3802 485 3853 bis
508 3802 548 3852 ins
566 3800 643 3851 letate
694 3799 779 3851 aelnes
801 3798 960 3852 lndividuum
979 3798 1041 3866 (vgl.
1064 3801 1119 3857 Cat.
1139 3806 1164 3868 2,
1183 3805 1208 3869 1)
