2498 4260
312 151 353 202 DE
371 148 473 202 Bucco
491 148 647 203 lvuvssrll.
683 147 709 199 G.
724 151 780 202 100.
796 151 852 202 101.
1076 147 1135 203 221

55 323 193 385 hostibus
215 332 365 383 venturos.
395 321 515 382 interim
534 320 629 395 Sulla,
653 339 742 400 quem
765 321 1018 400 primumhostes
1033 320 1134 398 attige·
1158 329 1173 377 4

56 419 141 482 rant,
157 409 329 469 cohortatus
344 426 414 468 suos
428 406 578 468 turmatim
595 416 624 466 et
640 425 727 485 quam
743 424 879 466 maxume
895 406 1038 467 confertis
1052 406 1137 484 equis

57 496 124 574 ipse
139 493 246 571 aliique
260 493 379 554 Mauros
399 491 556 564 invadunt,
581 492 672 552 ceteri
686 492 716 552 in
734 491 799 551 loco
814 501 970 552 manentes
984 491 1020 551 ab
1036 491 1137 552 iaculis

58 579 177 640 eminus
192 579 304 639 emissis
320 595 446 656 corpora
459 586 561 655 tegere
577 584 621 650 et,
642 577 666 638 si
682 577 778 654 quiin
794 595 899 637 manus
915 585 1067 649 venerant,
1083 576 1137 636 ob·

57 673 210 725 truncare.
242 664 310 724 dum
327 682 362 724 eo
378 664 466 723 modo
488 661 602 740 equites
625 662 825 740 proeliantur,
848 662 983 723 Bocchus
1001 680 1067 721 cum
1083 681 1137 741 pe·
1160 670 1175 719 5

58 748 187 821 ditibus,
208 768 283 826 quos
298 748 391 808 Volux
407 748 484 808 tilius
499 747 562 807 eius
576 747 737 807 adduxerat
753 766 850 825 neque
865 748 896 808 in
913 748 1011 826 priore
1027 764 1137 826 pugna,

59 836 91 896 in
108 834 214 895 itinere
228 834 343 906 morati,
359 834 522 905 adsuerant,
537 840 717 913 postremam
731 833 933 893 Romanorum
949 832 1041 893 aciem
1058 833 1138 893 inva-

59 921 146 980 dunt.
177 929 237 980 tum
254 918 362 979 Marius
378 918 456 998 apud
471 917 583 997 primos
605 918 726 996 agebat,
750 918 829 996 quod
852 918 892 978 ihi
907 918 1050 998 iugurtha
1072 936 1140 979 cum
1161 925 1176 974 6

60 1004 208 1084 plurumis
224 1011 295 1064 erat.
325 1003 392 1064 dein
409 1003 533 1063 Numida
556 1003 676 1080 cognito
691 1002 801 1064 Bocchi
823 1004 950 1064 adventu
973 1003 1047 1064 clam
1071 1023 1140 1065 cum

59 1089 164 1170 paucis
178 1090 213 1149 ad
229 1089 341 1168 pedites
357 1088 519 1164 convortit;
542 1087 582 1148 ibi
597 1087 702 1149 Latine
718 1123 759 1132 —
774 1107 842 1148 uam
859 1090 937 1168 apud
953 1090 1140 1150 Numantiam

61 1175 144 1252 loqui
160 1175 354 1235 didicerat-
372 1174 515 1235 exclamat
530 1181 648 1235 nostros
663 1175 772 1234 frustra
789 1192 937 1253 pugnare:
960 1176 1049 1254 paulo
1072 1184 1140 1236 ante

61 1260 185 1320 hiarium
201 1278 252 1320 sua
267 1277 358 1319 manu
373 1259 578 1320 intersectum:
600 1259 688 1320 simul
711 1259 840 1336 gladium
855 1259 1000 1337 sanguine
1016 1260 1140 1321 oblitum

62 1346 233 1418 ostendere,
263 1363 351 1423 quem
381 1345 412 1405 in
441 1362 542 1424 pugna
564 1344 634 1405 satis
656 1344 773 1423 inpigre
796 1344 893 1405 occiso
915 1344 1013 1424 pedite
1036 1353 1140 1405 nostro

64 1440 279 1491 cruentaverat.
324 1432 402 1508 quod
427 1428 478 1489 ubi
501 1429 607 1490 milites
631 1447 788 1508 accepere,
813 1430 905 1509 magis
927 1429 1080 1489 atrocitate
1098 1430 1141 1490 rei
1164 1436 1177 1482 7

63 1534 153 1595 quam
168 1515 224 1575 fide
240 1515 327 1575 nunti
342 1523 510 1587 terrentur,
526 1515 673 1592 simulque
688 1514 805 1575 barbari
821 1515 934 1574 animos
948 1513 1053 1574 tollere
1070 1525 1099 1575 et
1109 1515 1139 1574 in

62 1600 220 1681 perculsos
234 1600 383 1662 Romanos
405 1600 503 1660 acrius
525 1601 672 1660 incedere.
703 1601 820 1677 iamque
839 1598 959 1677 paulum
976 1618 991 1658 a
1007 1601 1075 1678 luga
1091 1598 1142 1659 ab·
1164 1605 1179 1655 8

62 1694 165 1759 erant,
188 1703 256 1746 cum
272 1685 351 1746 Sulla
367 1685 529 1765 profligatis
543 1685 586 1746 eis
602 1703 677 1763 quos
693 1686 847 1746 advorsum
862 1685 950 1757 ierat,
973 1686 1092 1747 rediens
1105 1686 1141 1745 ab

62 1771 156 1831 latere
173 1771 281 1832 Mauris
303 1770 438 1831 incurrit.
476 1770 612 1831 Bocchus
634 1770 731 1831 statim
754 1769 903 1829 avertitur.
940 1780 969 1829 at
992 1770 1141 1847 Iugurtha,
1165 1775 1180 1825 9

63 1856 132 1916 dum
157 1865 324 1917 sustentare
347 1875 417 1917 suos
440 1864 469 1916 et
490 1872 585 1934 prope
608 1855 665 1915 iam
688 1855 822 1933 adeptam
846 1855 996 1915 victoriam
1013 1856 1142 1916 retinere

64 1990 122 2041 eine
141 1987 186 2040 der
203 1987 257 2039 vier
275 1987 461 2051 Abteilungen‚
486 2003 515 2039 so
534 1993 580 2053 gut
631 1988 709 2040 schen
729 1987 853 2040 Fulsvolh
874 1987 998 2056 kamplte.
1034 1987 1143 2040 Auidio

65 2059 118 2109 wie
136 2057 178 2108 bei
195 2054 580 2121 einerandernRiehtungeine
632 2057 869 2120 Einschdchterung
900 2056 983 2108 dieser
1010 2057 1142 2122 letzteren‚

64 2118 165 2177 andere’
180 2125 234 2176 also
246 2124 308 2176 kurz
321 2117 399 2174 ‘ohne
410 2122 580 2175 Unterschied
631 2125 729 2176 welche
752 2125 793 2176 die
817 2124 871 2175 laut
892 2125 1031 2191 gerulenen
1055 2124 1143 2177 Worte

64 2195 90 2244 in
101 2193 188 2258 jedem
202 2183 293 2243 Falle'.
312 2191 396 2243 Dutch
410 2190 451 2242 die
462 2191 580 2258 Stellung
632 2196 729 2256 horten,
750 2208 833 2244 waren
853 2193 984 2244 dieselhen
998 2194 1143 2246 herechnet.

65 2261 112 2313 des
125 2260 227 2313 Wortes
240 2259 304 2311 wird
321 2261 455 2325 aliquos
473 2277 508 2310 σω
526 2275 580 2310 om·
630 2290 663 2298 —
681 2259 730 2312 Um
748 2260 848 2313 dorthin
868 2277 899 2312 zu
918 2262 1038 2314 hommen
1056 2263 1145 2315 umritt

64 2331 144 2380 nibus
162 2331 237 2394 (sule)
255 2328 473 2394 hervorgehoben.
492 2329 581 2379 -lu-
630 2329 684 2393 lug.
703 2330 916 2382 wahrscheinlich
933 2331 974 2382 die
986 2330 1056 2382 linhe
1068 2331 1147 2382 Front

65 2398 157 2464 gurtha
175 2397 264 2449 wurde
282 2396 375 2462 richtig
387 2396 525 2461 genechnet
537 2396 581 2446 ha·
632 2397 677 2448 des
695 2399 840 2450 romischen
852 2399 944 2465 auges,
962 2414 1015 2463 wo,
1032 2400 1083 2450 wie
1101 2400 1146 2451 das

65 2467 125 2530 hen,
143 2480 218 2516 wenn
231 2463 326 2516 hierius
344 2465 370 2515 in
388 2464 581 2530 gewohnlicher
633 2465 785 2533 Schweigen
799 2465 909 2518 Sallusts
927 2472 1058 2519 vermuten
1079 2468 1146 2533 laist,

66 2532 286 2598 Marsehordnung
304 2532 368 2583 nach
387 2533 458 2583 einer
470 2532 514 2583 der
526 2533 581 2583 vier
632 2534 676 2586 der
689 2534 786 2600 Kampf
796 2549 836 2584 am
851 2535 993 2598 weuigsten
1007 2535 1088 2599 heltig
1103 2552 1146 2600 ge-

67 2603 155 2653 Seiten
175 2601 218 2652 hin
235 2600 390 2667 vorgerticht
409 2602 485 2652 wire.
632 2618 720 2654 wesen
738 2619 770 2654 zu
788 2602 841 2652 sein
861 2601 968 2654 scheint.

101 2673 125 2723 4.
144 2673 357 2730 ίανηιαίἰηι,εῑο.;
376 2668 447 2720 Sulla
466 2667 517 2720 und
537 2669 582 2719 mit
665 2688 756 2753 pedite
773 2691 878 2737 nomo:
897 2685 1034 2738 kollekgiv,

67 2740 119 2790 ihm
146 2738 187 2789 ein
206 2736 262 2789 Teil
285 2738 330 2790 der
347 2736 458 2788 Reiterei
476 2738 521 2788 aul
538 2737 582 2789 der

66 2808 172 2926 {epiphan
185 2804 291 2925 33111]ξὲ
305 2805 526 2925 dzegsvazfuffisdffif
539 2805 581 2939 g?
633 2770 1147 2904 saltehnpaffisfig{rptceegpltlaigtpffigdrepclltlpg

66 2942 235 2994 schlossenen
247 2940 444 3004 Geschwadern‚
460 2941 582 2993 wihrend
633 2908 766 2973 ¹⁰⁸i⁸⁰h⁸¹¹
779 2907 926 2959 vefhfflmis
944 2924 975 2958 ²¹¹
995 2912 1147 2971 ‘meaturi

67 3010 109 3062 die
122 3008 213 3074 dbrige
225 3008 334 3061 Reiterei
347 3010 448 3075 (ceteri)
466 3010 511 3061 aul
526 3009 582 3061 der·
634 2978 680 3028 mit
692 2976 908 3041 Um⁵⁰hf⁸ib¹¹⁰⁸²
921 2980 1009 3040 ’ΜΨ
1022 2978 1094 3058 ΨΜ
1104 2993 1147 3027 ²⁸⁶⁸

67 3077 158 3130 selben
186 3076 256 3128 Seite
282 3093 330 3129 nur
357 3078 430 3129 einen
458 3077 584 3129 Verteidi·
634 3050 716 3096 “tm
728 3044 1147 3110 eratquomquodfidesmnun.

68 3143 245 3212 gungslrampf
261 3145 353 3197 fhhrte.
383 3145 416 3196 Es
434 3146 468 3196 iet
483 3146 538 3197 also
556 3145 582 3196 in
635 3116 676 3195 ²²¹⁰.
692 3118 791 3175 ⁶⁸⁸⁶t’
808 3112 878 3195 ,ΟΜ
895 3116 984 3178 magii
1004 3117 1148 3196 αῑνθθῑῑίξΐθ

68 3215 167 3266 diesem
185 3211 366 3280 Paragraphen
392 3229 439 3264 nur
456 3229 506 3265 von
525 3213 582 3265 dem
634 3198 675 3232 Μ
697 3185 812 3247 ''mm“
836 3197 915 3247 quam
940 3183 1012 3247 lm
1035 3186 1148 3232 '¹²⁴7‘th

67 3282 177 3349 Kample
190 3281 234 3333 der
247 3280 332 3333 Reiter
344 3282 385 3332 die
397 3280 474 3343 Rode,
487 3282 583 3333 aheneo
634 3249 714 3311 ΜΨ
731 3248 842 3311 smmi·

66 3352 117 3417 §5
145 3364 205 3401 vom
230 3348 422 3413 Hintertreffen‚
449 3349 499 3415 §6
522 3365 582 3401 vom
651 3336 694 3414 .⁸·
713 3351 780 3414 W
797 3335 954 3414 “ssvfflumt
972 3335 1147 3387 ebesswfloch

68 3415 267 3471 Vordertreffen.
635 3404 728 3454 ernmal
747 3418 772 3452 rn
791 3401 855 3454 illst.
874 3405 898 3467 2,
911 3407 942 3455 57
958 3401 1000 3454 llr.
1018 3419 1083 3468 qnos
1102 3405 1148 3454 ad-

103 3490 128 3538 5.
138 3502 240 3551 neque.
251 3525 257 3536 .
268 3484 440 3547 ,adferes-ant:
454 3501 485 3536 zu
496 3486 583 3548 1446,
634 3486 740 3521 vorsum
757 3471 836 3550 multe·
853 3487 1007 3534 oecurrer05
1026 3473 1090 3522 auch
1105 3472 1146 3550 bei

101 3557 197 3621 pedore
211 3569 319 3619 pugnas
338 3554 383 3606 der
399 3552 462 3619 ilap.
481 3555 582 3606 97-99
635 3538 731 3590 andern
761 3537 962 3590 Schriltstellern
996 3537 1077 3590 findet
1106 3539 1148 3591 dre

66 3622 268 3692 geschtldenen,
633 3606 798 3670 Anastrophe
808 3605 891 3686 dieser
901 3605 1072 3672 Praposition,
1081 3605 1146 3658 doch

104 3694 129 3745 6,
155 3690 267 3757 pedite„
304 3688 349 3741 das
378 3689 502 3742 Fufswlk
537 3689 583 3741 geg
635 3690 683 3725 nur
695 3674 760 3723 nach
774 3672 928 3738 Pronomrn.,
947 3674 1087 3726 besouders
1100 3674 1148 3728 Re·

66 3759 197 3821 Bocchus,
217 3758 328 3810 welcher
341 3759 386 3809 mit
399 3757 456 3809 dem
469 3773 509 3808 ern
524 3758 583 3809 wei·
634 3742 714 3794 lfliil'fl
732 3747 804 3792 statt.

67 3833 156 3880 testen
168 3841 220 3878 von
232 3824 328 3879 Marius
346 3825 489 3878 entiernten
507 3826 583 3878 romi·
671 3829 694 3879 9.
708 3827 844 3893 adeptam:
857 3826 1008 3894 passiam,
1017 3828 1067 3880 wie
1081 3827 1147 3880 noch
