2498 4276
126 129 186 186 1oo
256 129 283 183 c.
301 128 457 182 snmusm
475 128 578 182 cursor
595 104 637 181 on
655 129 738 183 cour.
757 128 857 183 utrm.
893 130 920 182 c.
933 133 974 185 co.
986 133 1030 186 ca.

126 320 241 363 memor
255 302 377 382 generis
392 312 479 381 atque
495 303 637 381 pristinae
652 320 722 363 suae
737 302 885 381 dignitatis
907 303 937 363 in
959 301 1194 365 confertissumos

127 388 221 448 hostis
236 387 364 448 incurrit
378 386 478 466 ibique
494 406 632 468 pugnans
647 387 825 449 confoditur.

72 479 108 534 ⁶1
211 472 269 533 Sed
293 473 429 533 confecto
452 471 565 552 proelio
588 484 650 534 tum
678 492 748 533 vero
771 491 923 546 cerneres,
946 483 1057 552 quanta
1086 475 1196 536 audacia

88 569 104 619 2
126 567 295 638 quantaque
312 558 402 618 animi
413 558 456 619 vis
468 558 572 619 fuisset
587 559 616 618 in
631 559 761 619 exercitu
773 557 923 619 Catilinae.
950 577 1020 620 nam
1036 559 1101 622 fere
1118 579 1195 639 quem

126 643 250 722 quisque
266 644 348 704 vivus
363 643 524 722 pugnando
540 642 637 724 locum
661 652 794 723 ceperat,
818 662 885 704 eum
901 645 1005 706 amissa
1022 647 1124 706 anima
1139 664 1198 706 cor·
1239 706 1241 713 ,

89 738 104 787 t
126 746 198 806 pore
212 728 340 808 tegebat.
374 727 460 806 pauci
476 736 592 801 autem,
615 747 691 808 quos
714 728 827 790 medios
850 729 957 790 cohors
979 733 1132 810 praetoria
1146 731 1197 792 dis·

126 815 249 886 iecerat,
279 812 366 893 paulo
390 813 534 875 diversius
559 814 610 875 sed
633 833 738 876 omnes
759 825 857 875 tamen
880 815 1010 876 advorsis
1032 816 1199 878 volneribus

88 908 104 959 t
125 899 328 959 conciderant.
362 896 483 958 Catilina
505 917 574 960 vero
596 900 686 979 longe
708 900 799 961 asuis
821 900 901 961 inter
919 900 1048 962 hostium
1064 903 1200 963 caderem

125 991 260 1062 repertus
280 992 339 1056 est,
362 982 515 1062 paululum
531 985 617 1045 etiam
634 985 750 1065 spirans
765 986 967 1064 ferociamque
982 987 1093 1060 animi,
1118 1005 1200 1067 quam

87 1081 102 1129 o
125 1067 268 1129 habuerat
279 1068 369 1141 vivus,
385 1069 415 1130 in
427 1070 507 1130 voltu
523 1071 666 1131 retinens.
692 1079 842 1150 postremo
859 1072 988 1132 exomni
1003 1073 1090 1151 copia
1108 1090 1201 1152 neque

88 1163 103 1213 6
125 1153 154 1212 in
172 1154 285 1232 proelio
302 1172 400 1231 neque
416 1155 446 1214 in
462 1155 531 1233 fuga
543 1155 699 1234 quisquam
714 1156 785 1216 civis
800 1156 950 1234 ingenuus
965 1166 1070 1236 captus
1087 1168 1149 1224 est:
1164 1159 1200 1219 ita

88 1249 103 1298 τ
124 1240 225 1300 cuncti
246 1257 317 1301 suae
339 1239 528 1318 hostiumque
550 1241 623 1301 vitae
645 1242 725 1301 iuxta
747 1250 951 1320 pepercerant.
981 1261 1080 1321 neque
1105 1255 1200 1305 tamen

126 1325 273 1386 exercitus
288 1325 391 1404 populi
403 1324 530 1385 Romani
541 1324 644 1386 laetam
655 1335 706 1386 aut
717 1327 902 1387 incruentam
915 1327 1067 1388 victoriam
1078 1328 1201 1409 adeptus

127 1419 204 1469 erat:
228 1428 296 1470 nam
320 1411 551 1472 strenuissumus
575 1411 699 1490 quisque
722 1420 773 1472 aut
795 1412 944 1472 occiderat
965 1412 996 1472 in
1016 1413 1134 1492 proelio
1156 1422 1203 1476 aut

89 1505 104 1554 8
125 1495 251 1573 graviter
261 1496 431 1557 volneratus
442 1495 623 1557 discesserat.
650 1497 733 1557 multi
746 1505 854 1570 autem,
871 1498 922 1576 qui
938 1516 953 1557 e
969 1499 1072 1560 castris
1086 1498 1200 1561 visundi

126 1588 177 1640 aut
191 1580 337 1660 spoliandi
348 1582 439 1659 gratia
453 1591 667 1660 processerant,
683 1581 833 1643 volventes
845 1582 962 1643 hostilia
973 1584 1118 1645 cadavera
1133 1584 1201 1645 ami·

127 1684 193 1726 cum
210 1666 274 1739 alii,
298 1685 366 1746 pars
388 1668 534 1746 hospitem
558 1676 608 1727 aut
623 1676 782 1745 cognatum
805 1668 1010 1746 reperiebant;
1033 1670 1120 1730 fuere
1134 1670 1202 1731 item

90 1769 106 1820 9
127 1751 178 1829 qui
193 1752 330 1812 inimicos
346 1770 416 1813 suos
432 1762 659 1832 cognoscerent.
688 1753 728 1813 ita
742 1752 821 1812 varie
836 1771 890 1833 per
906 1771 1025 1814 omnem
1040 1756 1203 1816 exercitum

127 1835 233 1896 laetitia
250 1854 366 1897 maeror
381 1837 477 1898 luctus
494 1848 582 1916 atque
598 1837 701 1915 gaudia
716 1836 910 1918 agitabantur.

158 1985 204 2039 61.
225 1991 247 2037 l.
266 2001 396 2037 caneres:
415 2002 446 2037 zu
465 1989 507 2050 25,
525 1990 548 2039 3.
723 1991 748 2068 9
761 1989 881 2040 melitio.
892 1989 1043 2067 ...gaudiaz
1057 1989 1099 2040 die
1112 1989 1202 2042 beiden

125 2053 366 2174 ..attt‘tlt
376 2053 567 2187 1111ῗά111
577 2054 640 2175 sll'.
690 2054 1071 2191 lltltt‘ttltdfltl
1087 2056 1207 2179 lfdlli

126 2187 197 2238 nicht
219 2187 317 2251 sehon,
339 2189 490 2242 entwichelt
514 2190 569 2242 sich
593 2205 640 2242 aus
690 2192 798 2244 stischer
811 2191 943 2259 Stellun33
961 2193 1013 2259 vgl.
1032 2208 1065 2243 zu
1082 2195 1136 2260 6,1
1157 2193 1206 2247 und

125 2254 184 2307 dem
193 2256 413 2322 instrumentalem,
422 2257 474 2322 vgl.
485 2272 517 2309 zu
528 2262 552 2323 1,
562 2263 587 2320 t,
597 2274 639 2310 wo
691 2264 732 2324 51,
744 2265 765 2313 1.
776 2290 809 2298 -
818 2261 923 2311 laetitia
933 2261 984 2312 und
993 2276 1110 2325 maeror,
1118 2257 1206 2315 ‘Frob-

123 2323 271 2389 pugnando
283 2338 379 2389 capere
390 2324 415 2376 in
428 2324 548 2377 auderem
561 2325 640 2379 Sinne
690 2327 798 2381 liebheit
824 2356 857 2367 -
884 2327 1205 2396 Niedergeschlagenheit’,

127 2392 268 2458 gebraucht
284 2393 326 2442 ist.
690 2397 846 2448 bezeichnen
859 2395 909 2448 den
918 2395 1145 2464 Gemttszustond,
1158 2399 1205 2451 vie

161 2475 255 2526 quent.
269 2497 276 2512 .
289 2496 297 2511 .
309 2462 427 2524 tegebat:
446 2462 511 2514 auch
525 2462 580 2514 hier
592 2462 641 2514 Ge·
691 2480 718 2516 er
736 2465 790 2516 sich
809 2464 874 2516 auch
892 2464 1029 2517 dulserlich
1053 2465 1206 2520 unwillltiu·

126 2529 248 2594 pensitas
264 2530 299 2581 im
314 2528 460 2592 einzelnen;
479 2532 529 2582 wie
542 2535 640 2581 amissa
690 2531 742 2583 lich
760 2532 911 2598 kundgiebt,
929 2548 1055 2600 wogegen
1071 2536 1206 2599 gaudium

127 2600 219 2648 anima
237 2598 295 2650 dem
313 2601 397 2663 vivus,
415 2613 444 2651 so
457 2615 570 2666 corporo
582 2598 639 2651 dem
689 2598 782 2665 (sing.)
799 2600 851 2653 und
870 2602 948 2652 dolor
965 2601 1010 2653 auf
1019 2601 1061 2654 dle
1073 2603 1131 2655 rein
1142 2604 1206 2656 nach

123 2667 286 2731 pugnando,
312 2665 357 2717 der
383 2671 437 2720 tote
461 2668 558 2735 Korper
581 2667 638 2719 dem
690 2669 766 2719 innon
792 2669 931 2734 gerichtete
955 2669 1100 2737 Stimmung
1124 2672 1206 2738 gehen

125 2734 246 2801 lebendig
269 2735 385 2800 thitigeu
408 2737 569 2803 gegendher3
598 2736 640 2788 die
690 2737 781 2800 (gaud.
792 2753 817 2788 u.
828 2737 887 2789 laet.
901 2737 1049 2790 verbunden
1059 2729 1205 2803 dathum

126 2801 246 2854 Strnktur
264 2803 319 2853 also
339 2803 392 2854 rein
411 2805 581 2870 anaphorisoh
598 2807 639 2868 (zu
693 2805 770 2855 dolor
781 2803 834 2870 lug.
849 2807 889 2871 83,
903 2808 942 2870 1);
953 2807 1058 2871 gaudio
1069 2807 1114 2871 (im
1128 2809 1205 2874 Pion.)

126 2868 292 2935 Or.Phil.1).
692 2875 773 2925 sowie
791 2875 877 2925 luctus
897 2874 954 2925 sind
978 2873 1019 2926 die
1032 2873 1205 2944 nllandlnngon

160 2940 184 2991 3.
201 2940 302 2990 medios
324 2943 387 2990 etc:
412 2939 454 2990 bei
477 2940 536 2992 dem
560 2942 601 3006 60,
625 2945 639 2992 5
692 2941 730 2992 als
749 2942 790 2994 die
808 2942 1013 3008 heahsichtigten
1026 2942 1204 3011 Aufserungen

127 3006 313 3071 geschilderten
332 3004 438 3072 Angriff.
691 3009 735 3061 der
753 3012 778 3061 in
793 3013 880 3076 jenem
899 3010 1011 3076 Zustand
1029 3009 1205 3065 Refindlichen

159 3075 282 3125 advorsis
292 3075 456 3126 volneribus:
470 3074 532 3126 kurz
546 3075 585 3126 fhr
595 3075 641 3127 das
691 3079 808 3141 (moeror
826 3078 877 3130 und
891 3079 979 3129 luctus
990 3079 1141 3133 verbunden
1153 3081 1204 3147 lug.

126 3157 252 3208 genauere
271 3144 383 3194 advorso
401 3158 513 3207 corpore
525 3145 641 3194 volneri·
692 3148 732 3210 14,
752 3151 795 3208 15ς
814 3147 865 3212 vgl.
883 3146 933 3197 (lic.
947 3146 1001 3198 cat.
1022 3150 1044 3210 1,
1062 3149 1096 3201 26
1114 3151 1160 3201 hie
1176 3154 1205 3200 tta

126 3212 174 3261 bue
191 3214 316 3277 acceptia.
692 3231 744 3280 qua
774 3216 880 3267 laetitia
907 3213 1066 3280 perfruere?
1111 3219 1205 3283 quidm

160 3281 184 3331 4.
197 3282 288 3330 etiam:
301 3294 352 3330 von
365 3277 410 3330 der
421 3277 489 3338 Zeit;
503 3279 553 3330 wie
564 3282 604 3342 14,
614 3282 638 3334 5.
690 3285 799 3347 gaudiis
817 3283 977 3343 enucleatim
996 3283 1049 3336 Liv.
1069 3287 1111 3348 22,
1130 3290 1156 3351 t,
1174 3287 1204 3338 12

160 3349 184 3399 8.
197 3348 318 3398 hostilio:
337 3346 639 3414 nichlschlechlweg=
689 3349 855 3410 feminarum
877 3356 1024 3417 praecipue
1050 3357 1077 3403 et
1100 3355 1204 3419 gaudia

126 3415 251 3477 hostium,
265 3414 640 3480 sondern=derer‚dieihnen
691 3420 810 3482 insignia
836 3423 915 3469 erant
940 3425 966 3469 et
993 3421 1103 3486 luctuel:
1132 3416 1204 3475 ‘Aus-

127 3482 165 3600 pls
174 3483 268 3535 Feinde
278 3485 425 3551 gegeuuber
434 3483 575 3551 gestonden
585 3485 641 3537 hat·
690 3487 786 3538 brfrche
805 3486 849 3538 der
861 3485 957 3538 Trauer
970 3487 1020 3539 und
1033 3489 1078 3541 der
1090 3485 1204 3543 Frende’.

138 3565 177 3602 en.
