2498 4276
323 153 366 206 uu
383 152 486 206 Bauio
505 152 660 206 lVGVRTll.
696 154 723 205 (l.
743 157 851 207 13-15.
1067 154 1126 211 187

48 327 227 402 mandatur;
243 335 272 388 et
286 337 388 405 postea
402 326 531 407 populus
546 325 695 385 atribuno
710 326 805 405 plebis
820 327 854 387 T.
864 326 973 388 Manlio
989 326 1127 388 Mancino

45 422 181 492 rogatus,
204 430 291 490 quem
306 411 393 472 vellet
407 429 475 472 cum
490 411 631 488 Iugurtha
647 410 755 471 bellum
774 429 886 489 gerere,
908 414 1050 489 frequens
1066 413 1127 472 hla-

48 498 130 558 rium
147 498 240 559 iussit.
263 497 315 558 sed
329 497 417 575 paulo
434 540 1126 559 .............................

47 585 237 644 decreverat:
253 601 286 643 ea
302 600 350 643 res
364 584 474 644 frustra
489 582 552 642 fuit.

137 668 249 728 Eodem
265 677 399 746 tempore
413 667 555 746 Iugurtha
571 665 685 727 amissis
700 666 809 741 amicis,
826 686 953 746 quorum
968 667 1126 746 plerosque
1145 672 1179 728 14

46 755 112 832 ipse
129 762 294 825 necaverat,
318 753 407 813 ceteri
423 753 581 813 formidine
603 769 673 830 pars
688 750 723 811 ad
739 751 890 813 Romanos
911 751 958 812 alii
975 754 1009 814 ad
1025 771 1126 832 regem

47 839 203 899 Bocchum
225 839 427 916 profugerant,
450 856 517 898 cum
540 854 638 914 neque
660 836 769 897 bellum
792 837 856 916 geri
870 837 934 898 sine
949 838 1128 899 administris

48 932 153 1004 posset
168 932 198 984 et
213 941 357 983 novorum
375 923 461 983 fidem
477 923 507 982 in
524 930 604 983 tanta
622 921 744 1002 perfidia
758 931 890 984 veterum
907 924 1032 1003 experiri
1049 924 1128 1002 peri·

16 1068 19 1072 .
48 1009 187 1069 culusum
217 1008 355 1080 duceret,
384 1008 482 1068 varius
503 1008 695 1084 incertusque
717 1007 853 1087 agitabat.
897 1027 995 1086 neque
1018 1009 1059 1069 illi
1082 1026 1130 1069 res
1153 1020 1165 1069 1

49 1112 150 1172 neque
173 1092 328 1154 consilium
352 1101 403 1153 aut
424 1093 579 1172 quisquam
595 1092 751 1152 hominum
767 1093 836 1154 satis
851 1092 1000 1171 placebat;
1022 1094 1128 1154 itinera

48 1180 278 1258 praefectosque
300 1179 330 1238 io
354 1178 416 1238 dies
434 1187 557 1250 mutare,
580 1177 668 1237 modo
684 1177 839 1238 advorsum
853 1178 955 1251 hostis,
978 1179 1127 1239 interdum

48 1265 79 1324 in
92 1264 269 1325 solitudines
282 1281 416 1343 pergere,
432 1280 519 1341 saepe
532 1263 562 1322 in
575 1263 643 1341 fuga
659 1280 693 1322 ac
708 1271 776 1341 post
790 1264 878 1343 paulo
893 1264 924 1323 in
939 1264 1028 1325 armis
1044 1282 1126 1345 spem

48 1348 170 1422 habere,
185 1348 328 1420 dubitare,
344 1348 443 1409 virtuti
459 1367 496 1408 an
509 1347 577 1408 fidei
589 1347 775 1427 popularium
793 1348 891 1409 minus
907 1348 1055 1410 crederet:
1078 1351 1127 1420 ita,

50 1452 243 1513 quocumque
265 1433 440 1507 intenderat,
463 1451 511 1494 res
533 1433 670 1494 advorsae
686 1440 779 1492 erant.
810 1434 860 1494 sed
877 1433 954 1494 inter
968 1452 1017 1495 cas
1032 1453 1130 1495 moras
1151 1443 1165 1492 t

48 1528 176 1598 repente
187 1537 251 1580 sese
263 1519 398 1579 Metellus
410 1536 477 1578 cum
487 1518 615 1578 exercitu
629 1517 772 1592 ostendit3
784 1517 926 1579 Numidae
938 1518 974 1578 ab
986 1519 1127 1598 iugurtha

48 1601 106 1684 p'ro
130 1613 266 1683 tempore
287 1603 381 1682 parati
403 1604 614 1680 instructique;
637 1602 704 1662 dein
727 1603 873 1680 proelium
889 1604 1039 1682 incipitur.
1071 1625 1128 1683 qua
1149 1613 1164 1662 3

47 1691 78 1751 in
95 1699 183 1769 parte
198 1708 248 1749 rex
265 1706 381 1768 pugnae
397 1687 499 1761 adluit,
522 1688 562 1748 ibi
584 1688 762 1766 aliquamdiu
778 1697 936 1762 certatum;
959 1692 1050 1751 ceteri
1065 1693 1128 1753 eius

49 1793 156 1836 omnes
178 1774 286 1834 milites
308 1775 405 1853 primo
428 1792 590 1852 congressu
606 1773 682 1852 pulsi
698 1773 855 1852 fagatique.
886 1774 1011 1836 Romani
1027 1777 1128 1855 signo-

48 1879 116 1921 rum
142 1870 172 1920 et
193 1877 344 1919 armorum
366 1859 516 1937 aliquanto
540 1876 676 1930 numero,
698 1857 828 1918 hostium
847 1877 1010 1938 paucorum
1025 1863 1111 1940 potiti
1119 1880 1127 1935 ;

47 1964 118 2006 narn
134 1945 229 2005 ferme
243 1944 376 2005 Numidis
391 1944 422 2004 in
439 1943 578 2004 omnibus
593 1942 714 2022 proeliis
729 1943 821 2022 magis
837 1944 928 2023 pedes
944 1963 1030 2023 quam
1048 1965 1128 2008 arma

49 2040 114 2092 tuta
130 2038 210 2090 suut.

137 2115 179 2174 Ea
201 2115 271 2192 fuga
286 2114 426 2194 lugurtha
449 2113 604 2193 inpensius
621 2114 709 2174 modo
726 2113 816 2175 rebus
833 2115 893 2176 suis
908 2114 1044 2178 diffidens
1060 2135 1127 2178 cum
1144 2117 1178 2172 16

49 2200 185 2281 perfugis
208 2208 237 2260 et
250 2208 334 2278 parte
350 2200 496 2278 equitatus
511 2199 541 2259 in
558 2198 741 2272 solitudines,
764 2198 832 2260 dein
848 2200 968 2260 Thalam
984 2203 1127 2281 pervenit,

46 2334 111 2386 Jahr
124 2336 174 2386 641
188 2335 269 2397 (101);
288 2332 343 2384 sein
356 2330 463 2398 Kollege
477 2331 564 2384 wurde
616 2333 712 2397 quibua
722 2333 854 2384 militibus
865 2350 916 2384 rea
928 2333 1027 2397 adfuit,
1045 2338 1077 2386 ab
1090 2339 1129 2386 eir

48 2402 76 2455 L.
95 2401 199 2453 (lessius
218 2401 360 2464 Longinus,
384 2401 442 2452 dem
464 2399 564 2452 Gallien
616 2400 784 2464 aliquamdiu
802 2406 940 2454 certatam.

48 2471 88 2522 als
107 2469 219 2522 Proviuz
238 2467 314 2520 zufiel
332 2472 375 2531 (zu
386 2471 429 2533 32,
443 2471 476 2530 11.
650 2468 806 2534 aliquanto:
819 2469 863 2520 der
875 2471 928 2520 rein
941 2469 1128 2535 adjelttivische

80 2543 191 2604 postea:
205 2536 257 2602 vgl.
270 2538 311 2601 82,
324 2538 348 2590 2.
378 2537 428 2588 Das
440 2536 565 2588 Tribunat
616 2534 750 2588 (lebrauch
764 2537 847 2589 dieses
861 2536 962 2589 Wortes
975 2537 1055 2590 findet
1073 2539 1127 2590 sich

47 2607 95 2658 des
116 2605 145 2658 T.
162 2603 282 2656 Manlius
300 2604 375 2668 (Gell.
393 2604 423 2656 N.
442 2605 509 2666 Α.1,
525 2607 564 2667 11,
615 2604 658 2655 bei
672 2602 733 2657 sul.
747 2606 812 2657 noch
827 2607 912 2667 105,4
930 2605 981 2656 und
999 2607 1025 2657 in
1043 2606 1127 2657 cinam

46 2677 61 2727 3
83 2674 156 2740 gicht
166 2673 219 2724 ihm
238 2672 287 2725 den
300 2671 445 2725 Voruameu
464 2673 502 2735 G.)
520 2673 565 2724 ba·
616 2671 715 2738 Fragm.
728 2672 801 2736 (hist
814 2673 837 2736 2,
851 2674 883 2724 29
896 2670 948 2736 Kr.)
961 2674 1128 2738 aliquantum

45 2758 117 2808 gann
135 2741 183 2800 mit
202 2740 259 2793 dem
280 2743 319 2794 10.
337 2741 397 2792 Dez.
416 2742 466 2792 646
484 2743 563 2806 (tut).
613 2745 721 2806 partem
736 2740 852 2805 gloriae.

45 2811 94 2863 Die
106 2809 241 2862 Auuahme
254 2809 299 2861 des
312 2809 564 2861 Gesetzesvorschla-
648 2823 774 2873 numero,
792 2810 917 2859 hostiam:
942 2822 1000 2858 man
1021 2807 1128 2861 heachte

47 2895 95 2945 ges
117 2877 160 2930 fiel
185 2878 251 2928 donn
274 2878 301 2928 in
324 2876 373 2929 den
391 2875 493 2943 holong
518 2878 563 2930 des
615 2875 664 2927 deu
674 2875 795 2928 Wechsel
804 2875 848 2928 der
858 2875 1076 2928 Koustruktiouen
1087 2877 1128 2928 bei

48 2945 275 3010 llonsulatajahres
293 2944 338 2997 dea
356 2943 460 2999 Marius.
614 2947 706 3010 potiti.

82 3014 132 3066 aad
140 3014 224 3080 paulo
237 3052 243 3064 .
256 3050 263 3065 .
275 3051 282 3066 .
296 3014 460 3065 decreuerat:
479 3013 504 3064 iu
519 3013 564 3065 der
650 3017 721 3064 tuta:
741 3011 775 3062 im
787 3011 873 3063 Genus
888 3010 966 3063 durch
979 3010 1025 3061 das
1037 3011 1129 3063 niiher·

49 3082 137 3136 Luclre
149 3081 215 3132 mufs
234 3081 375 3149 gastandan
389 3081 481 3146 haben,
499 3081 563 3145 dolo,
616 3079 746 3141 steheude,
765 3079 945 3146 grammatisch
963 3093 1031 3129 zwar
1044 3086 1129 3132 unter-

48 3153 86 3203 ala
99 3151 146 3202 der
158 3148 237 3202 Sonat
247 3165 305 3201 vor
316 3150 365 3202 deu
376 3149 486 3201 Wahlen
498 3150 564 3201 nach
616 3149 766 3215 geordnete,
784 3148 845 3200 aber
863 3148 962 3214 logisch
979 3147 1128 3212 gleichwer·

48 3220 92 3272 der
105 3219 153 3269 loa
162 3217 370 3283 Semproniatzu
385 3219 425 3282 21,
436 3220 461 3283 3)
473 3217 513 3268 hir
523 3216 564 3268 die
617 3218 670 3282 tige
689 3231 769 3282 quam
785 3232 861 3267 armo
880 3217 1019 3280 bestimmt,
1037 3217 1076 3267 als
1093 3217 1127 3268 oh

48 3287 186 3352 hdnftigeu
214 3285 328 3354 llouaulu
356 3285 397 3338 die
420 3284 563 3337 Proviuzeu
616 3300 644 3336 es
669 3285 750 3337 hiefse
773 3285 867 3351 pedes,
883 3300 938 3335 non
959 3301 1043 3335 orma.
1079 3285 1129 3335 Zur

49 3355 229 3417 bezeichnete,
251 3354 388 3406 Numidico
411 3354 496 3406 ausser
516 3352 565 3405 Be·
617 3351 699 3404 Socha
724 3352 776 3419 vgl.
799 3355 844 3416 62,
862 3355 890 3415 4,
918 3368 976 3403 zum
993 3352 1129 3405 Ausdruok

50 3425 134 3476 tracht
158 3422 270 3488 gefallen
293 3438 347 3474 war
367 3421 419 3473 und
444 3420 564 3474 Metellus
616 3420 706 3487 fragm.
719 3420 974 3473 Aucvllldcatortc
985 3417 1057 3485 fuga
1070 3425 1128 3471 tuta

49 3492 90 3544 fur
108 3492 154 3544 dos
168 3491 273 3542 uachste
285 3489 347 3542 Jahr
366 3493 414 3542 661
427 3493 497 3554 (161)
510 3489 563 3542 hei·
615 3486 684 3555 fuit,
709 3505 767 3540 zum
785 3488 923 3540 Gedankeu
943 3491 1005 3553 101,
1024 3493 1052 3553 1,
1074 3489 1150 3540 hier'

50 3576 99 3612 neu
118 3558 274 3625 Nachfolger
292 3559 404 3610 erhalteu
424 3559 508 3611 sollte.
616 3556 838 3623 epigrammatisch
856 3556 1008 3622 zugespitzt.

83 3628 129 3683 24.
148 3631 172 3680 1.
188 3628 335 3678 Bocchum:
357 3629 395 3690 19,
409 3631 433 3678 1.
650 3625 694 3680 11).
715 3628 737 3677 l.
750 3627 886 3689 inpomiaa
897 3624 988 3674 modo:
1001 3640 1032 3676 zu
1045 3628 1086 3689 41,
1100 3628 1127 3686 3;

84 3699 177 3748 uarius
188 3735 194 3749 .
206 3735 212 3748 .
224 3732 230 3747 .
241 3697 374 3760 agitabat:
384 3695 436 3760 vgl.
447 3710 479 3745 zu
487 3698 527 3757 55,
540 3695 563 3746 2.
616 3695 754 3758 inparatus
770 3691 874 3743 bezieht
886 3692 940 3744 sich
958 3692 1013 3743 hier
1025 3693 1071 3744 auf
1086 3693 1129 3746 die

84 3768 108 3818 3.
128 3766 212 3816 actori
227 3800 235 3816 .
253 3800 261 3815 .
279 3803 285 3815 .
303 3760 413 3814 militae:
440 3777 469 3814 so
488 3777 564 3828 auge·
617 3760 708 3813 Stirlte
726 3759 771 3812 des
790 3759 905 3813 Geldhls.

50 3831 153 3900 huhpft,
162 3832 201 3885 als
210 3831 386 3884 wenuvorher
395 3835 485 3897 gesagt
494 3833 563 3882 wire
653 3828 775 3880 Thalam:
788 3828 829 3881 die
841 3830 908 3896 Lage
921 3828 1033 3882 dieses
1047 3828 1130 3882 Thala
