2498 4260
345 139 387 194 DE
409 141 511 195 Bouto
529 140 684 196 lvovaufl.
722 141 748 197 G.
761 145 870 196 55-57.
1083 142 1143 198 171

65 334 102 375 ex
119 314 212 395 copiis
227 315 322 394 regis,
346 315 413 393 quia
435 315 536 376 fallere
552 314 708 394 nequibat,
731 315 941 376 firmissumum
957 323 1033 389 orat;
1057 332 1144 393 prae-

65 410 147 461 terea
163 400 320 479 pollicetur
335 399 365 459 in
382 410 516 479 tempore
533 411 626 462 semet
641 419 708 462 cum
725 400 855 460 exercitu
871 401 981 460 adfore.

152 485 196 547 Ita
211 485 381 565 compositis
397 484 488 546 rebus
502 486 533 546 in
549 486 614 547 loca
629 503 717 564 quam
729 503 864 547 maxume
876 485 990 546 occulta
1006 485 1143 546 discedit:
1166 499 1180 548 a

65 589 99 631 ac
114 581 184 651 post
194 571 282 650 paulo
295 571 449 650 cognoscit
459 570 584 632 Marium
597 590 632 632 ex
643 571 750 632 itinere
760 572 972 631 frumentatum
988 589 1055 631 cum
1071 588 1142 649 pau·

65 657 109 717 cis
124 657 299 718 cohortibus
314 656 428 717 Siccam
450 656 589 730 missum,
613 657 692 735 quod
709 656 850 736 oppidum
865 655 994 735 primum
1010 656 1143 716 omnium

67 749 137 817 post
151 742 256 803 malam
278 759 409 821 pugnam
424 741 461 802 ab
476 759 547 822 rege
563 742 720 803 deiecerat.
757 760 792 802 eo
816 759 883 801 cum
899 741 1020 801 delectis
1035 741 1145 819 equiti·
1166 753 1181 803 4

64 825 122 888 hus
137 835 229 888 noctu
244 827 341 906 pergit
356 834 386 886 et
399 826 456 887 iam
475 826 695 906 egredientibus
710 826 851 888 Romanis
865 827 896 886 in
913 835 997 905 porta
1012 844 1142 906 pugnam

64 911 151 985 lacit;
167 911 254 973 simul
269 931 375 991 magna
387 930 459 973 voce
472 911 627 974 Siccenses
636 913 788 986 hortatur,
805 913 847 973 uti
862 912 994 973 cohortis
1008 911 1043 972 ah
1060 923 1143 991 tergo

65 998 316 1073 circumveniant;
338 999 489 1058 loctunam
505 997 561 1060 illis
577 997 722 1077 praeclari
741 997 881 1059 facinoris
897 1015 995 1058 casum
1012 996 1096 1057 dare:
1119 997 1144 1058 si

65 1084 92 1144 id
109 1083 246 1158 iecerint,
262 1093 363 1162 postea
379 1101 443 1144 sese
455 1084 486 1143 in
499 1101 602 1162 reguo,
618 1083 683 1146 illos
694 1084 725 1143 in
741 1083 875 1144 libertate
887 1083 952 1144 sine
968 1093 1049 1143 metu
1064 1091 1143 1143 aeta-

63 1179 123 1229 tem
147 1176 275 1230 acturos.
311 1187 345 1230 ac
369 1167 399 1229 ni
415 1168 524 1230 Marius
546 1169 629 1248 signa
652 1169 763 1229 inlerre
785 1176 873 1246 atque
896 1167 1018 1228 evadere
1034 1168 1143 1247 oppido
1166 1180 1181 1228 5

64 1254 293 1333 properarisset‚
316 1254 451 1334 prolecto
468 1254 567 1314 cuncti
585 1264 636 1314 aut
650 1271 755 1332 magna
771 1271 840 1333 pars
856 1253 1038 1314 Siccensium
1054 1253 1142 1313 iidem

64 1338 271 1400 mutavissent:
294 1347 374 1399 taum
388 1338 549 1400 mobilitate
571 1357 636 1401 sese
651 1339 794 1400 Numidae
816 1347 933 1418 gerunt.
970 1337 1022 1399 sed
1037 1338 1144 1399 milites
1165 1352 1180 1400 6

64 1424 232 1503 Iugurthini
262 1424 412 1503 paulisper
438 1423 474 1484 ah
504 1442 573 1503 rege
601 1425 773 1498 sustentati,
802 1433 958 1504 postquam
982 1423 1093 1484 maiore
1115 1422 1142 1482 vi

64 1510 165 1570 hostes
179 1517 297 1588 urgent,
312 1509 414 1588 paucis
429 1509 544 1570 amissis
558 1510 678 1589 profugi
693 1509 858 1570 discedunt.

148 1594 258 1656 Marius
272 1595 307 1654 ad
324 1595 441 1656 Zamam
464 1594 608 1674 pervenit.
644 1594 673 1654 id
696 1594 852 1673 oppidum,
875 1595 906 1654 in
923 1612 1026 1672 campo
1042 1594 1140 1666 situm,
1158 1601 1193 1657 ot

62 1679 157 1758 magis
179 1698 271 1759 opere
293 1698 382 1758 quam
405 1687 511 1741 natura
533 1680 680 1741 munitum
710 1688 790 1752 erat,
821 1679 929 1740 nullius
950 1678 1075 1739 idoneae
1097 1679 1141 1739 rei

61 1782 170 1844 egens,
193 1764 281 1826 armis
295 1765 424 1843 virisque
446 1765 630 1844 opulentum.
645 1789 648 1794 ·
666 1764 757 1843 igitur
772 1764 906 1825 Metellus
928 1782 983 1843 pro
1007 1773 1141 1843 tempore
1164 1778 1179 1828 2

60 1858 151 1929 atque
173 1851 239 1911 loco
268 1850 377 1930 paratis
402 1850 493 1911 rebus
515 1859 623 1912 cuncta
645 1851 761 1910 moenia
784 1849 915 1910 exercitu
938 1849 1140 1923 circumvenit,

59 1935 165 2015 legatis
179 1936 321 2014 imperat,
337 1934 388 1995 ubi
404 1936 529 2014 quisque
544 1944 671 1997 curaret.
703 1934 808 1996 deinde
824 1933 910 2013 signo
926 1934 993 1994 dato
1009 1934 1141 2012 undique
1162 1947 1177 1996 3

59 2020 148 2082 simul
165 2019 277 2081 clamor
291 2020 398 2099 ingens
413 2021 516 2093 oritur,
533 2039 631 2100 neque
644 2039 676 2081 ea
692 2038 741 2081 ros
752 2019 892 2082 Numidas
907 2028 1014 2080 terret:
1031 2020 1140 2080 infensi

59 2105 230 2184 intentique
249 2105 315 2167 sine
336 2106 465 2167 tumultu
487 2116 623 2167 manent:
648 2106 793 2185 proelium
816 2105 967 2185 incipitur.
1004 2104 1140 2180 Romani,
1162 2119 1178 2169 4

59 2209 117 2270 pro
133 2191 254 2270 ingenio
270 2190 410 2269 quisque,
433 2209 502 2271 pars
517 2191 634 2252 eminus
650 2192 756 2270 glande
770 2199 821 2251 aut
835 2190 981 2270 lapidibus
996 2208 1140 2272 pugnare,

59 2276 109 2336 alii
132 2277 292 2337 succedere
314 2293 349 2335 ac
371 2293 488 2337 murum
511 2277 599 2338 modo
622 2277 771 2338 suffodere
792 2276 881 2337 modo
903 2276 989 2338 scalis
1010 2277 1139 2356 aggredi,

59 2379 173 2440 cupere
200 2360 345 2441 proelium
375 2362 406 2420 in
437 2361 576 2423 manibus
605 2363 710 2423 lacere.
755 2370 858 2421 contra
889 2381 922 2422 ea
945 2363 1086 2441 oppidani
1108 2364 1176 2425 ino

58 2464 224 2525 proxumos
246 2464 313 2508 saxa
331 2447 462 2519 volvere,
485 2448 566 2510 sudis
587 2448 661 2527 pila,
684 2454 837 2527 praeterea
859 2448 955 2526 picem
974 2448 1095 2527 sulpure
1111 2458 1139 2508 et

56 2531 144 2592 taeda
160 2533 277 2592 mixtam
293 2531 409 2592 ardenti
431 2533 556 2594 mittere.
593 2533 645 2595 sed
661 2552 700 2594 ne
723 2532 788 2593 illos
803 2533 937 2610 quidem,
961 2534 1012 2610 qui
1035 2533 1140 2612 procul
1161 2546 1176 2596 6

58 2677 112 2713 nnn
126 2661 189 2714 dher
203 2662 244 2716 dic
257 2663 434 2730 Bergmassive
453 2664 498 2717 des
512 2665 571 2716 Bar·
658 2668 681 2716 4.
692 2665 804 2729 glande:
816 2656 1001 2730 ‘Bleihugeln';
1012 2665 1057 2716 der
1068 2664 1138 2730 Sing.

56 2745 112 2796 gon
138 2747 163 2782 u.
186 2728 258 2796 Serdj
286 2732 312 2783 in
339 2733 380 2784 die
406 2733 494 2786 Ehene
520 2749 571 2786 von
622 2749 668 2784 zur
685 2733 866 2799 Bezeichnnng
884 2734 929 2785 der
947 2733 1068 2798 Gattung,
1088 2733 1138 2786 wic

60 2797 184 2850 Kairwhu
202 2799 418 2866 hindhergreiien.
623 2817 648 2853 u.
667 2816 689 2852 a.
710 2805 750 2863 ll,
764 2805 786 2854 5.

94 2868 119 2919 2.
138 2869 186 2933 qui
199 2864 296 2928 fallere
313 2872 454 2935 nequibat:
473 2868 571 2936 Begna·
653 2869 789 2934 proellum
799 2871 829 2919 in
841 2870 964 2919 manibus
976 2865 1081 2929 facere:
1093 2866 1137 2920 ‘im

56 2934 157 3000 digung
171 2949 225 2986 war
240 2935 280 2988 ltu
291 2937 329 2989 sie
341 2937 570 3004 ausgeschlossem
623 2936 821 3002 handgemenge
836 2952 866 2988 cu
880 2931 1007 3003 hamplen’
1022 2963 1056 2982 =
1068 2953 1138 2988 com-

58 3003 116 3068 vgl.
128 3017 160 3054 zu
173 3004 215 3068 62,
228 3008 251 3056 'l.
622 3008 712 3056 minus
722 3020 855 3072 pugnare,
876 3003 1062 3072 entsprechend
1080 3005 1138 3056 dem

93 3072 118 3122 3.
133 3071 247 3122 Siccam:
260 3072 572 3138 vollstsz'ccchncrc'c,
624 3073 802 3138 griechischen
826 3078 857 3125 tc
878 3076 953 3142 χερσὶ
975 3071 1028 3139 τὴν
1047 3072 1138 3139 μάχην

55 3141 126 3204 ietat
138 3137 197 3200 llel;
216 3154 237 3191 s.
250 3156 281 3193 cu
294 3143 336 3206 48,
349 3143 372 3194 3.
623 3143 721 3194 ποιεῖν.

88 3208 260 3273 postmodun
265 3209 522 3274 pugnomzndmlich
531 3225 572 3262 am
658 3213 682 3262 5.
698 3213 786 3276 picem
805 3213 867 3261 etc:
887 3208 1006 3275 ildssiges
1024 3208 1092 3261 Pcch
1111 3211 1137 3260 in

55 3274 168 3328 Muthul.
623 3278 744 3330 Geialsen
758 3277 845 3329 wurde
858 3276 936 3336 durch
949 3277 1137 3343 hineingewor-

91 3347 117 3396 4.
136 3359 242 3396 cacum:
261 3360 293 3395 zu
311 3347 352 3409 25,
366 3349 390 3399 9.
624 3346 682 3397 leue
692 3344 838 3398 hrennende
849 3345 989 3397 Schwelel-
998 3345 1051 3398 und
1061 3345 1137 3397 Kien·

91 3414 117 3465 d.
140 3416 295 3464 sustentati:
320 3412 344 3465 d.
368 3414 393 3467 h.
417 3413 521 3479 inpulsi
541 3419 573 3465 ut
623 3413 774 3466 holzstdcke
801 3413 961 3479 angezdndet
987 3413 1039 3464 und
1066 3414 1137 3466 diese

56 3481 176 3532 boetium
193 3484 321 3547 impetum
338 3484 508 3534 sustinerent.
622 3481 707 3533 lllasse
726 3481 771 3533 ani
787 3480 828 3532 die
846 3481 1033 3546 Angreitenden
1047 3482 1138 3533 herab-

91 3548 139 3604 57.
159 3551 183 3601 2.
206 3553 302 3600 cuncta
320 3554 436 3601 moenia:
459 3545 511 3602 ‘dic
529 3565 572 3616 ge·
624 3549 777 3615 geschdttet.
815 3549 872 3613 Vgl.
891 3548 961 3601 Caes.
979 3548 1009 3600 B.
1027 3550 1134 3614 (1.2,11

54 3623 141 3669 samte
159 3614 335 3682 Umwallung'
357 3619 395 3670 als
414 3620 454 3670 ein
474 3618 572 3670 Ganzes
624 3633 705 3682 cupos
729 3618 807 3668 taeda
825 3632 858 3667 cc
879 3621 940 3682 pice
962 3617 1078 3679 refertas
1095 3623 1137 3670 in·

54 3699 226 3752 genommeu;
244 3685 405 3752 rgl.'ccncti
423 3689 464 3749 55,
477 3690 500 3739 l.
625 3686 852 3750 candentemque
875 3686 906 3735 dc
924 3701 1001 3738 moro
1019 3690 1049 3738 ic
1068 3703 1137 3739 mus·

90 3755 116 3805 3.
163 3770 259 3820 noque:
295 3754 486 3820 gegensaitzlich
522 3754 572 3805 wie
624 3754 713 3804 culum
732 3753 883 3805 devolvunt.

55 3823 137 3887 2⁰‚6.
658 3823 683 3874 6.
700 3821 747 3872 red
757 3823 1044 3889 ne...qoidam:wie
1058 3827 1099 3889 51,
1113 3829 1136 3878 5.
