2498 4276
101 121 163 180 282
354 119 395 172 ΒΧ
415 119 442 173 (l.
460 118 617 174 SthVS'l'l
634 119 737 175 CRISPl
755 120 838 178 lllS'l'.
855 122 882 173 h.
893 121 936 174 lV.

100 302 249 368 avortere;
272 311 307 353 ac
328 310 397 352 mox
420 292 514 353 fracto
531 291 666 372 Philippo
690 293 855 356 Antiochus
878 293 961 355 omni
984 294 1029 356 cis
1051 295 1172 356 Taurum

63 397 76 445 r
98 398 171 459 agro
193 389 223 439 et
244 380 345 440 decem
367 375 485 438 milibus
500 376 679 438 talentorum
694 379 837 458 spoliatus
853 387 906 440 est.
938 379 1052 441 Persen
1070 381 1176 453 deinde,

102 464 228 544 Philippi
245 464 353 536 hlium,
376 471 444 542 post
459 462 549 523 multa
565 472 594 524 et
608 465 686 524 varia
702 463 863 526 certamina
879 463 958 543 apud
975 463 1176 527 Samothracas

100 551 171 611 deos
185 557 338 628 acceptum
351 547 380 608 in
397 548 485 608 fidem
500 547 596 608 callidi
612 557 642 609 et
656 559 826 628 repertores
841 548 992 629 perfidiae,
1011 551 1080 628 quia
1096 560 1175 629 pacto

98 738 225 800 picturus
249 734 342 793 urbes,
370 747 438 796 quae
460 734 489 780 in
512 732 615 783 dicione
667 748 720 783 neu
737 747 863 797 umquam
887 732 1030 785 lacesseret
1046 736 1141 784 amnis:
1157 738 1178 783 et

101 802 243 853 Piolsnsasi
255 804 347 863 assant,
364 798 446 849 simul
455 799 616 866 Philippum,
666 803 697 851 in
712 815 782 865 pace
799 804 826 850 et
841 803 871 850 in
889 799 1015 852 unersau
1028 817 1083 851 asse
1094 801 1177 852 delere

100 898 134 907 -
152 868 264 920 necdum
282 870 353 918 anim
376 866 534 918 debellatum
557 874 616 918 erat
668 871 752 920 omnis
770 869 867 933 ulique
881 866 999 920 Graecas
1017 870 1102 921 urbis.
1128 867 1177 921 Und

101 966 132 974 -
146 939 267 987 exercitu
279 936 445 1000 nauibusque
461 935 615 990 adiuturus.
667 935 751 1001 gleich
770 935 860 988 weiter
877 936 959 990 doch:
979 942 1060 988 ante
1079 939 1177 988 omnia

100 1004 146 1056 Die
165 1005 211 1054 mit
228 1002 292 1054 Rom
310 1001 486 1054 verbundeten
505 1002 616 1055 Rhodier
667 1004 867 1072 denuntiatum,
891 1021 931 1057 πο
957 1007 993 1055 in
1016 1006 1177 1071 Europam

100 1073 191 1124 hiessen
214 1071 266 1121 ihm
292 1084 385 1135 sagon,
413 1085 489 1123 wenn
516 1086 544 1122 er
569 1070 616 1124 das
667 1076 717 1123 aut
733 1075 938 1137 ipsa-transiret
955 1078 1005 1124 aut
1017 1076 1108 1138 copias
1119 1077 1178 1123 trai-

101 1139 291 1192 chelidonische
317 1138 432 1204 (heiliga)
457 1138 616 1206 Vorgehirge
667 1144 745 1194 earet.
787 1138 857 1193 Uber
878 1142 938 1204 des,
966 1155 1023 1193 was
1045 1140 1179 1192 Antiochus

101 1207 286 1270 dherechritte,
304 1222 333 1258 so
352 1206 457 1257 wirrden
477 1206 514 1259 sie
532 1221 615 1273 gegen
668 1207 759 1261 dsraui
775 1207 838 1270 that,
851 1210 903 1276 vgl.
915 1209 971 1261 Liv.
984 1211 1029 1274 33,
1042 1207 1107 1262 asir.
1136 1208 1179 1259 ller

100 1277 143 1327 ihn
162 1276 261 1339 sichen,
278 1274 330 1327 und
347 1288 416 1325 zwar
435 1273 498 1334 (hir.
519 1276 560 1338 33,
573 1278 616 1340 20)
668 1275 744 1341 llrieg
757 1275 804 1327 mit
815 1277 868 1328 iirnr
881 1279 982 1344 hegsnn
995 1277 1033 1328 im
1045 1276 1124 1328 Jahre
1134 1278 1178 1329 563

99 1339 142 1395 ‘ne
166 1346 296 1408 coniungi
317 1358 377 1393 sum
401 1343 525 1408 Philippo
541 1348 616 1410 pata·
667 1346 737 1409 (191)
752 1343 804 1395 und
816 1345 919 1412 endigte
932 1345 967 1397 inr
980 1343 1122 1411 folgenden
1138 1345 1179 1396 mit

100 1417 195 1463 rentur
221 1416 248 1462 et
273 1411 459 1476 impedimenta
485 1427 540 1461 ssss
565 1411 616 1462 lio·
668 1411 751 1464 seiner
770 1409 923 1480 Besiegung,
942 1413 1008 1464 asch
1028 1412 1140 1465 welcher
1156 1428 1179 1464 er

100 1484 188 1531 manis
200 1480 376 1530 liberantibus
389 1473 545 1531 Graeciam?
564 1479 617 1530 hn-
668 1479 713 1532 aut
732 1480 774 1532 die
791 1481 889 1534 Laiades
906 1485 982 1532 intra
1003 1480 1124 1533 Taurum
1141 1482 1180 1532 be·

102 1548 203 1602 tiochns
227 1552 380 1599 sntwortete
404 1553 479 1599 unter
496 1547 615 1599 auderem
668 1547 791 1600 aahrsnlrt
809 1549 904 1602 warde.

99 1610 290 1668 ‘Romanorum
301 1617 449 1666 amicitiam
461 1631 488 1665 sa
496 1631 552 1667 non
561 1619 616 1666 oia·
656 1673 658 1679 ,
703 1620 727 1668 i.
740 1616 835 1667 Persen
847 1623 908 1673 ete:
926 1616 993 1669 nach
1006 1613 1052 1667 der
1064 1613 1181 1666 Schlaeht

103 1685 222 1736 laturum
244 1686 404 1747 argumento
428 1688 455 1733 et
476 1699 552 1735 suam
576 1701 617 1734 rs·
669 1685 710 1736 hei
729 1682 828 1751 Pydna,
842 1687 891 1739 586
908 1686 989 1750 (168),
1007 1681 1062 1734 ssoh
1075 1680 1180 1734 Perseus

101 1757 201 1804 centem
221 1752 257 1802 ad
274 1768 319 1802 sos
344 1751 503 1815 legationem
521 1769 575 1802 csse
591 1758 618 1803 et
669 1752 733 1803 nach
752 1755 797 1804 der
814 1753 881 1805 lnsel
899 1749 1070 1804 Samothrske
1088 1750 1114 1802 io
1135 1749 1181 1802 den

100 1827 208 1872 senatus
231 1818 382 1881 lionorifiea
408 1821 438 1869 in
461 1835 488 1869 se
511 1820 617 1871 dscrsta
670 1819 887 1873 unverletzlichen
916 1818 1024 1885 Tempel
1054 1818 1099 1870 der
1120 1817 1181 1870 'dart

100 1884 293 1954 responsaque?
311 1887 398 1939 Livius
408 1886 464 1952 logi
473 1887 617 1940 erlinternd
670 1887 794 1956 mystisch
813 1889 947 1941 verehrten
964 1887 1116 1940 Gottheiten
1132 1885 1182 1950 (der

102 1958 178 2009 hinzu
198 1961 253 2007 lum
270 1955 342 2016 sorte
360 1958 445 2019 legati
461 1957 553 2020 (regis)
575 1973 617 2007 re·
669 1956 817 2019 llsheiren);
841 1958 899 2008 dori
921 1955 998 2021 (nach
1023 1954 1090 2007 Veli.
1115 1959 1142 2018 l,
1159 1956 1182 2018 9)

101 2027 208 2078 dierunt
225 2027 257 2075 al
280 2023 378 2086 Hasna,
401 2027 541 2074 comiter
558 2040 617 2075 au·
670 2024 706 2075 ad
723 2039 782 2074 eum
796 2024 841 2078 Cn.
862 2025 989 2077 Octauius
999 2027 1122 2089 praetor,
1140 2025 1183 2088 qui

101 2096 172 2146 diti
193 2094 407 2156 dimissique,
435 2097 471 2142 ut
496 2097 618 2158 tompus
671 2092 750 2143 classi
760 2097 893 2159 praeerat,
904 2094 1029 2159 peruenit
1042 2096 1068 2142 st
1078 2092 1181 2142 ratione

98 2162 312 2225 postulabat,
344 2163 480 2210 incerto
510 2162 618 2211 adhuc
669 2162 758 2224 magis
780 2176 860 2226 quam
881 2165 910 2211 oi
931 2161 1081 2227 persuasit,
1106 2162 1182 2210 utss

100 2231 263 2281 aduersus
280 2227 472 2290 Philippum
497 2233 618 2279 euentu
670 2227 851 2280 Romanorum
868 2228 1183 2291 fidsieammittsrst5ita

100 2295 184 2348 belli
206 2293 299 2358 (gleich
325 2292 417 2343 darauf
429 2292 525 2361 nersuhr
551 2310 618 2359 man,
670 2296 770 2348 Paulus
781 2295 1184 2361 mamimumnohilissimumqus

100 2365 156 2416 dats
174 2361 309 2427 Philippus
334 2361 374 2412 hei
399 2358 619 2428 llynoslrephalse
671 2379 761 2429 regam
783 2367 814 2415 in
837 2367 971 2431 triumpho
990 2364 1083 2416 duxit.
1118 2362 1183 2415 Uher

101 2431 256 2499 geschlsgen
274 2431 330 2495 eei).
361 2427 425 2481 Sehr
445 2428 619 2483 wahrschein-
673 2433 760 2484 seinen
779 2431 835 2485 'l'od
853 2432 951 2485 eraihli
968 2430 1092 2484 Plutarch
1104 2430 1182 2494 (dem

100 2502 151 2554 licis
170 2501 249 2552 isles
268 2514 328 2564 nun,
346 2498 401 2550 dats
414 2496 455 2550 die
468 2497 563 2552 Rimas
577 2500 618 2551 hei
670 2499 742 2552 Paul.
761 2503 816 2565 37),
835 2516 862 2553 er
880 2501 954 2564 hehe,
972 2514 1043 2551 awos
1062 2499 1134 2551 nicht
1150 2498 1183 2549 im

101 2570 185 2622 dieser
212 2568 274 2620 oder
301 2567 396 2620 andern
420 2567 618 2635 gleichzeitigen
670 2566 906 2636 Staatsgeliognis,
934 2569 996 2620 aber
1022 2567 1090 2619 doch
1113 2571 1184 2619 nnter

102 2636 317 2703 llerhandlangen
336 2637 380 2689 ihn
395 2637 499 2690 merkem
517 2636 619 2700 helsen,
670 2633 835 2703 Bewachnng
864 2636 982 2704 gestellt,
1017 2635 1075 2687 sich
1104 2635 1185 2687 selhst

102 2707 139 2759 sie
158 2705 263 2757 worden
282 2720 364 2771 gegen
384 2704 425 2757 die
439 2703 618 2758 Besiianahme
670 2704 872 2771 ausgehungert;
892 2704 958 2756 daun
972 2704 1030 2769 lirgt
1049 2719 1077 2754 er
1094 2703 1184 2754 hinnu:

101 2790 153 2826 von
175 2773 253 2825 hsien
278 2774 362 2825 nichts
383 2774 461 2838 thun,
488 2789 563 2826 wenn
588 2788 616 2825 er
669 2775 739 2824 ἔνιοι
763 2767 794 2824 di
817 2773 866 2838 τῆς
887 2769 1013 2837 τελευτῆς
1030 2765 1105 2822 ἴδιόν
1122 2788 1184 2822 τινα

101 2842 238 2893 nunnichi
261 2841 326 2893 nach
345 2841 445 2906 Europa
464 2841 615 2907 dherginge,
667 2879 672 2891 .
693 2879 698 2892 .
718 2877 724 2891 .
743 2833 850 2907 τρόπον
867 2838 1020 2909 ἱστοροῦσι·
1043 2841 1186 2906 μεμψαμέ-

101 2909 153 2963 uud
172 2909 228 2961 daie
240 2908 310 2960 diese
326 2912 459 2959 concessio
471 2911 554 2960 Asiae
571 2911 614 2961 ihu
667 2923 728 2960 νουε
741 2906 833 2977 γάρτι
845 2911 890 2960 καὶ
902 2906 1094 2972 θνμοοθένταο
1103 2901 1179 2971 αὐτῷ

102 2978 206 3044 goneigt
224 2976 336 3038 machte,
360 2991 411 3026 von
430 2974 474 3027 der
492 2976 616 3030 Hilislei-
668 2972 730 3027 sois
751 2979 813 3044 περὶ
836 2974 868 3028 τό
893 2975 974 3056 οοῖρα
999 2973 1185 3042 separanitur,

102 3043 357 3111 slungahzuslehem
371 3042 480 3095 dennitn
492 3045 616 3097 udchsteu
669 3037 706 3096 ais
723 3045 817 3113 ἕτερον
834 3037 913 3095 οὐδὲν
930 3038 1070 3109 adiuuere
1090 3040 1185 3094 λυπεῖν

102 3113 192 3174 lehre,
217 3112 299 3178 gleich
319 3110 382 3162 nach
401 3109 451 3162 den
471 3111 616 3165 bekannten
669 3114 715 3162 καὶ
736 3113 838 3164 κακοῦν
861 3105 961 3174 αὐτόν,
980 3110 1111 3180 ἐξείργειν
1128 3110 1186 3163 τῶν

102 3181 270 3233 isthmischen
293 3177 411 3245 Spielen,
435 3179 539 3233 inderte
563 3181 618 3232 sich
670 3172 782 3243 ὕπνων,
805 3183 850 3231 καὶ
867 3183 1051 3248 προσέχοντας
1067 3172 1187 3246 iunianis

104 3249 145 3301 die
169 3249 209 3300 bis
233 3248 309 3299 dehic
332 3247 484 3299 shsichtliclr
512 3249 619 3300 unhlare
672 3247 839 3300 ἐνίστασθαι
867 3251 926 3300 ταῖς
951 3251 1121 3315 καταφοραῖς
1142 3249 1186 3298 καὶ

105 3316 217 3382 Sprache
230 3315 273 3367 der
286 3314 390 3376 Romen
409 3314 463 3366 Liv.
476 3317 518 3378 33,
533 3318 566 3369 34
583 3320 621 3367 cis
671 3318 793 3378 συνέχειν
804 3313 972 3396 ὲγρηρορότα
981 3310 1058 3385 πάσῃ
1066 3315 1185 3398 μηχανῇ,

105 3386 243 3449 (Antiochi
261 3384 368 3449 legatis)
386 3383 456 3434 nihil
473 3387 528 3435 iam
544 3400 619 3450 par·
670 3385 748 3451 μέχρε
772 3370 804 3434 οὗ
829 3402 929 3436 τουτον
952 3378 1003 3434 τὸν
1020 3400 1129 3452 τροπον
1147 3383 1186 3432 ix·

102 3455 206 3520 pisus
227 3456 266 3503 ut
287 3456 377 3516 anic,
404 3466 475 3502 cum
499 3453 620 3503 duliae
671 3449 807 3516 πονηθεὶς
830 3448 1013 3516 ἐτελεύτησεν.
1046 3451 1187 3503 Auldiese

105 3519 494 3584 resinealumiPiilippo
509 3524 619 3583 crant,
671 3518 750 3570 Fabel
775 3520 876 3571 hezieht
898 3519 952 3572 sich
976 3518 1022 3570 das
1045 3520 1123 3584 ohige
1145 3521 1187 3568 in·

104 3590 160 3640 sed
178 3594 270 3655 aparte
288 3589 487 3650 denuntiatum,
511 3592 546 3639 ut
563 3605 620 3638 cu·
671 3590 781 3638 somniis
799 3589 926 3640 occidero.
955 3586 1022 3638 Vell.
1039 3591 1061 3650 l,
1082 3591 1110 3640 11
1131 3593 1188 3651 sagt

106 3658 240 3708 eederet
257 3658 356 3708 Asiae
373 3658 530 3719 urbibus,
553 3671 621 3722 quae
672 3671 738 3721 ganz
757 3656 856 3707 einlach
881 3656 1061 3721 quadriennio
1077 3659 1139 3721 pest
1159 3658 1188 3704 in

104 3724 223 3791 Philippi
233 3729 281 3775 aut
296 3726 544 3790 Ptolsmasiragum
553 3722 622 3785 fuis·
674 3725 780 3775 libera
823 3722 979 3775 custodia
1015 3725 1101 3775 Aliae
1136 3724 1188 3787 (am

105 3797 171 3859 sant,
190 3795 335 3844 abstineret
353 3793 445 3844 liberis
458 3794 620 3854 civitatibus,
673 3790 835 3856 Fucinersee)
854 3792 971 3844 decessit.
