2498 4276
329 158 371 210 DE
389 157 491 210 BELLO
508 156 661 210 lVGVR'lll.
698 159 724 211 G.
743 160 852 212 32-35.
1077 163 1137 219 145

55 331 188 405 iubebat,
204 350 288 411 pars,
304 331 360 392 nisi
375 331 472 392 socies
487 330 607 391 sceleris
623 330 668 391 sui
685 332 828 411 aperiret.
844 350 926 393 more
941 335 1087 394 maiorum
1101 338 1138 398 de

56 419 144 479 hnste
160 417 340 497 supplicium
355 417 447 489 sumi,
470 415 605 494 dignitati
627 433 715 494 *quam
731 417 791 477 irae
807 418 899 497 magis
915 418 1076 481 consulens
1091 440 1137 482 se-

56 505 129 564 dare
145 511 244 564 metus
259 510 288 562 et
303 502 417 563 animos
429 519 533 562 eorum
544 501 675 582 mollire;
691 511 841 582 postremo
858 504 1034 565 confirmare
1050 506 1138 567 fidem

55 588 209 668 publicam
231 606 286 668 per
308 606 372 648 sese
394 586 562 648 inviolatam
580 587 654 646 lore.
692 598 775 667 post,
798 588 850 648 ubi
865 588 1015 649 silentium
1031 593 1138 671 eoepit,
1161 602 1176 650 4

55 674 206 753 producto
219 672 361 752 lugurtba
372 672 461 733 verba
476 671 559 732 lacit:
575 671 687 732 Rornae
700 672 914 751 Numidiaeque
929 675 1058 736 facinora
1074 677 1137 739 eius

53 767 216 830 memorat,
239 758 350 819 seelera
365 758 397 818 in
413 766 526 837 patrem
542 758 708 836 fratresque
723 759 867 832 ostendit;
888 758 996 837 quibus
1011 761 1137 822 iuvanti-

56 843 114 906 bus
130 844 299 923 quibusque
321 843 464 904 ministris
479 860 513 902 ea
536 842 629 921 egerit
643 861 821 922 quamquam
844 844 995 924 intellegat
1010 847 1138 927 populus

54 928 226 1002 Romanus.
248 937 347 989 tamen
363 928 436 989 velle
452 928 616 989 manufesta
631 929 724 1006 magis
739 947 774 989 ex
791 929 841 989 ille
856 929 981 1004 babere;
997 931 1022 991 si
1036 950 1137 992 verum

56 1015 181 1093 aperiat,
197 1015 228 1074 in
244 1015 302 1074 fide
318 1022 347 1074 et
362 1012 517 1074 elementia
532 1012 634 1093 populi
649 1013 774 1073 Romani
789 1032 927 1093 magnam
942 1035 1026 1095 spem
1041 1017 1082 1078 illi
1098 1019 1138 1078 si-

55 1108 133 1175 tam3
150 1100 196 1160 sin
213 1099 343 1172 reticeat,
361 1118 421 1159 non
438 1098 527 1160 sociis
542 1097 628 1158 saluti
642 1099 716 1172 sere.
732 1100 783 1159 sed
799 1118 830 1160 se
845 1119 972 1179 suasque
987 1120 1055 1181 spes
1070 1121 1137 1163 eer-

55 1192 227 1263 rupturum.
258 1184 374 1258 deinde,
390 1183 441 1245 ubi
456 1183 611 1244 Memmius
625 1183 746 1244 dicundi
761 1185 851 1244 finem
867 1185 937 1246 lecit
951 1197 981 1246 et
995 1186 1137 1266 Iugurtha
1152 1193 1190 1249 34

55 1271 242 1349 respendere
257 1270 354 1331 iussus
370 1277 424 1342 est,
441 1268 471 1330 C.
487 1269 613 1330 Raebius
631 1267 770 1330 tribunus
785 1268 890 1349 plebis,
906 1288 994 1348 quem
1011 1274 1138 1350 pecunia

56 1364 235 1434 corruptum
249 1372 337 1434 supra
353 1355 494 1428 diximus,
510 1372 611 1433 regem
626 1362 724 1414 tacere
740 1353 835 1415 iubet:
857 1373 891 1415 ac
905 1357 1022 1417 tametsi
1037 1358 1137 1418 multi-

55 1441 144 1514 tudo,
161 1440 283 1518 quaein
299 1441 440 1501 continue
456 1439 564 1512 aderat,
579 1439 769 1499 vehementer
784 1458 907 1501 aceensa
923 1441 1054 1501 terrebat
1068 1462 1137 1503 eum

55 1525 188 1586 elamore
210 1525 308 1599 voltu.
331 1543 419 1605 saepe
441 1524 554 1604 impetu
575 1533 663 1602 atque
685 1525 749 1585 aliis
771 1525 909 1586 omnibus
924 1544 999 1604 quae
1014 1527 1057 1587 ira
1073 1529 1137 1589 deri

57 1621 145 1686 amat,
158 1611 213 1671 vici
215 1619 336 1671 ttamen
348 1610 531 1690 inpudentia
554 1610 593 1670 ita
605 1610 734 1689 populus
746 1609 874 1671 ludibrio
885 1610 1002 1672 habitus
1013 1631 1049 1672 ex
1064 1631 1138 1673 enn-
1159 1623 1175 1673 2

56 1696 139 1757 tiene
155 1696 293 1757 discedit:
313 1695 471 1793 Iugurthae
486 1695 660 1773 bestiaeque
677 1703 705 1755 et
720 1704 767 1755 eet
768 1695 835 1769 eris,
851 1714 926 1774 quos
941 1696 988 1756 illa
1005 1699 1136 1775 quaestio

56 1781 232 1860 exagitabat,
248 1781 338 1841 animi
350 1788 522 1859 augescunt.

143 1866 216 1926 Erat
230 1885 264 1926 ea
282 1874 438 1946 tempestat
440 1884 455 1926 e
426 1865 579 1926 tRemae
595 1864 718 1925 Numida
733 1864 852 1943 quidam
867 1864 988 1925 nomine
1003 1865 1134 1943 Massiva,
1151 1871 1188 1928 35

57 1951 202 2012 Gulussae
217 1951 304 2027 lilius,
320 1951 490 2013 Masinissae
507 1970 610 2032 nepos,
625 1950 686 2029 qui,
703 1950 772 2028 quia
786 1950 817 2010 in
832 1950 1016 2012 dissensione
1033 1970 1137 2031 regum

56 2035 219 2116 lugurthae
242 2037 382 2098 advorsus
405 2037 515 2110 luerat,
539 2037 633 2097 dedita
650 2035 729 2096 Cirta
751 2046 779 2096 et
794 2035 958 2096 Adherbale
979 2035 1136 2099 interserto

57 2122 206 2202 profugus
221 2141 258 2182 ex
271 2122 365 2202 patria
382 2121 502 2182 abierat.
533 2122 601 2183 huie
613 2121 665 2201 sp.
677 2120 812 2193 Albinus
828 2121 879 2200 qui
894 2139 1039 2201 proxumo
1056 2141 1136 2184 anno
1158 2135 1172 2184 2

56 2215 127 2288 post
141 2207 270 2268 bestiam
285 2226 353 2268 eum
369 2207 404 2278 Q.
420 2207 550 2267 Minucio
566 2207 643 2268 Ruso
660 2207 845 2267 consulatum
862 2206 997 2285 gerebat,
1014 2227 1136 2288 persua-

89 2356 166 2391 more
188 2337 322 2391 meierum
340 2346 402 2392 ete:
425 2363 458 2383 =
477 2339 572 2392 kurzen
623 2338 722 2391 Namen
739 2339 874 2392 Memmius
892 2340 972 2392 redet.

56 2407 165 2461 Prozels
183 2409 304 2472 mecben,
327 2408 380 2474 vgl.
399 2408 452 2461 Cat.
471 2410 513 2471 52,
531 2409 572 2460 36.
658 2407 823 2469 manufesta:
835 2407 1135 2472 Prddilrativzultebere,

57 2475 137 2528 Sonst
165 2477 227 2542 geht
253 2475 298 2528 der
324 2475 459 2528 Ausdrnek
486 2475 573 2541 haufig
624 2475 661 2528 als
681 2475 738 2542 Obj.
756 2493 787 2526 ee
805 2492 835 2528 zu
854 2477 989 2542 ergdnzen.

52 2548 98 2609 (ε
114 2546 208 2610 pedere
230 2546 312 2609 mere)
329 2544 376 2596 aul
397 2543 438 2595 die
457 2543 572 2596 Stral.art
656 2542 704 2600 34.
727 2549 749 2598 1.
768 2560 861 2609 qnae.
874 2544 973 2607 .fiere':
993 2545 1027 2595 ist
1038 2543 1135 2598 Acce

90 2613 224 2678 agnitae·
240 2618 303 2665 ete·
322 2612 374 2678 vgl.
393 2612 446 2664 Cat.
459 2615 501 2678 51,
513 2616 537 2666 1.
623 2612 668 2664 inl.
688 2613 817 2692 abbangig
833 2627 884 2662 vnn
901 2615 981 2674 amat,
1000 2627 1075 2663 wozu
1093 2615 1136 2663 ira

86 2697 140 2747 per
156 2697 258 2732 sese=
275 2683 447 2746 quantumin
458 2697 486 2731 ee
498 2685 570 2730 esset
624 2679 697 2744 Subj.
709 2681 785 2732 ist-
796 2694 853 2730 eine
863 2679 917 2730 sich
930 2683 1004 2730 senst
1016 2679 1137 2744 nirgends

89 2752 116 2801 4.
139 2749 275 2800 ιίὶιιιιίιιιιι
298 2752 395 2816 eoepit:
423 2748 485 2802 Sall
511 2749 574 2800 liebt
625 2746 857 2800 findendellonstr.
879 2746 1043 2812 lngleiebem
1057 2746 1136 2800 Sinne

54 2817 107 2869 den
117 2818 251 2870 neutralen
261 2816 395 2869 Gebraueh
405 2816 572 2869 diesesllerb.
625 2816 694 2867 steht
707 2815 752 2867 das
768 2814 841 2867 Verb.
854 2816 901 2866 mit
912 2816 995 2867 einem
1007 2817 1069 2868 Ace.
1081 2816 1135 2881 obJ'

56 2887 104 2938 mit
124 2884 205 2938 seebl.
224 2885 297 2950 Subj
315 2885 383 2937 ohne
400 2885 446 2937 lul.
466 2886 555 2950 (wien)
625 2887 671 2946 41,
691 2886 719 2944 3;
743 2883 784 2936 bei
803 2882 923 2936 Dichtern
941 2884 1005 2936 auch
1026 2884 1073 2935 mit
1090 2882 1136 2936 lul.

87 2954 222 3020 producto
245 2969 280 3006 sc.
300 2970 353 3020 pro
374 2956 482 3004 rostris:
504 2955 574 3006 teclr-
624 2921 690 3017 nbj’.;
709 2952 785 3004 be1de
796 2950 899 3005 Konstr
915 2952 998 3004 neben
1016 2953 1137 3005 einander

54 3021 158 3074 niscber
170 3021 307 3074 Ausdruelr
318 3037 371 3074 vnn
389 3020 454 3083 dem,
473 3021 518 3073 der
529 3021 575 3074 aul
623 3019 682 3072 llor.
703 3020 782 3072 Germ.
806 3023 833 3084 1,
852 3023 884 3084 2,
907 3023 940 3072 19
964 3023 1008 3071 bie
1025 3035 1137 3085 magnes

54 3089 203 3156 Einladung
229 3090 300 3142 eines
322 3089 482 3141 Tribuuen
475 3106 500 3141 m
528 3089 573 3142 der
620 3092 713 3155 potius
736 3089 898 3154 triumphes,
921 3091 1059 3140 dieentes
1083 3090 1138 3141 diei

53 3157 575 3225 Vellrsversammlnngerscbienunddas
626 3162 705 3225 pater
723 3163 802 3223 atque
818 3161 950 3223 penneepe.

54 3225 132 3279 Wort
155 3226 261 3290 erbielt,
285 3242 327 3278 ιιιιι
346 3225 416 3278 Rede
437 3226 489 3278 und
510 3226 574 3277 dnt-
660 3225 709 3281 35.
730 3229 751 3278 l.
772 3225 911 3277 Gulussae:
930 3241 951 3277 s.
965 3227 989 3288 5,
1003 3227 1025 3277 6.

57 3298 126 3346 vert
143 3311 175 3347 zu
195 3295 295 3347 stehen.
660 3295 751 3345 dedita
771 3294 857 3345 Cirta:
876 3293 927 3358 vgl.
945 3292 1009 3360 llap.
1028 3294 1068 3345 26.

88 3362 191 3414 domae
212 3366 276 3415 ete:
299 3362 407 3414 beacbte
431 3360 472 3413 die
489 3361 573 3414 Kurze
660 3364 684 3414 2,
696 3362 823 3413 Albinus:
835 3362 924 3416 vollst.
934 3361 979 3425 Sp.
989 3363 1138 3412 Postumius

53 3430 102 3482 des
120 3431 270 3483 Ausdruelrs
287 3431 314 3482 in
332 3430 390 3483 dem
408 3431 573 3483 unmittelbar
623 3431 683 3482 Alb.
705 3459 739 3469 —
762 3429 810 3481 Der
833 3430 925 3481 endere
948 3428 1046 3481 llnnsul
1070 3429 1136 3480 hiels

55 3514 114 3550 zum
129 3498 283 3551 Substantia
302 3499 434 3551 tretenden
448 3498 572 3552 Lokalad·
624 3499 688 3550 nach
699 3499 767 3549 allen
777 3497 887 3549 anderen
896 3497 1064 3549 Antorenmit
1073 3496 1136 3549 Vor-

55 3568 180 3633 verbiale,
192 3567 237 3620 der
246 3566 351 3633 zulolge
361 3567 425 3620 aneb
437 3567 481 3619 der
491 3567 571 3620 Name
624 3581 715 3618 namen
733 3565 855 3630 Merene,
873 3565 970 3629 jedocb
994 3564 1038 3616 der
1059 3564 1137 3618 Veter

56 3633 102 3687 des
114 3607 232 3688 Laudes
226 3651 261 3687 rm
274 3635 357 3688 llasus
369 3635 426 3688 dem
440 3635 484 3688 der
497 3635 571 3688 Stadt
624 3635 745 3698 Quintus.

56 3704 571 3853 1122111111111111110111111111
622 3716 805 3836 alnella:
820 3701 897 3820 dt?
900 3698 1136 3838 6111111111

89 3840 169 3892 nelle:
187 3841 264 3893 nbml.
279 3843 416 3906 populum,
434 3842 458 3892 in
478 3840 570 3893 dessen
653 3840 765 3905 gerebat
781 3862 814 3882 =
831 3844 956 3904 gesturus
975 3842 1045 3888 erat

110 3933 203 3977 Sallust.
227 3932 330 3976 121121,
966 3926 1002 3976 ln
