2498 4276
136 124 197 182 166
532 125 559 177 G.
578 122 735 178 SALLVS'l'l
752 124 855 178 thse1

133 298 164 357 in
180 315 273 358 unum
289 297 446 374 conducit,
466 297 585 358 ordines
599 296 730 358 restituit
744 306 774 358 et
788 297 919 359 cohortis
935 298 1119 376 legionarias
1132 309 1200 380 quat·
1242 311 1243 367 ἶ

133 392 201 443 tuor
216 383 371 445 advorsum
386 382 500 461 pedites
514 382 642 443 hostium
660 383 806 444 conlocat.
837 400 940 444 eorum
957 402 1069 464 magna
1083 405 1152 466 pars
1164 405 1201 447 su·

95 482 109 528 4
132 467 301 547 perioribus
315 468 388 529 locis
403 468 479 529 fessa
495 467 680 528 consederat.
710 467 796 529 simul
813 485 898 528 orare
914 476 944 529 et
959 470 1077 531 hortari
1100 471 1202 545 milites,

134 572 173 614 ne
188 553 351 615 deficerent
366 572 425 614 neu
441 562 614 632 paterentur
628 552 721 614 hostis
732 553 872 631 fugientis
887 553 1028 616 vincere:
1046 575 1146 636 neque
1160 555 1202 618 ith

132 648 227 700 castra
243 657 307 701 esse
322 657 420 717 neque
434 637 653 699 munimentum
668 637 777 712 ullum,
801 656 860 717 quo
876 638 1019 702 cedentes
1041 643 1203 716 tenderent

94 736 108 784 5
131 724 162 785 in
185 724 274 785 armis
295 723 395 783 omnia
417 723 480 784 sita.
516 723 568 784 sed
591 741 628 783 ne
651 721 793 802 Iugurtha
815 723 933 802 quidem
956 725 1077 787 interea
1100 727 1203 806 quietio

132 819 208 870 erat:
233 809 389 869 circumire
403 808 531 883 hortari,
554 825 697 868 renovare
717 808 863 887 proelium
879 817 909 870 et
926 809 990 889 ipse
1007 829 1081 872 cum
1096 812 1203 874 delectis

131 901 275 972 temptare
292 893 406 967 omnia;
429 893 586 954 subvenire
609 893 686 966 suis,
708 893 844 956 hostibus
866 893 964 956 dubiis
986 895 1120 970 instare,
1142 916 1203 976 quos

79 984 116 1039 52
134 978 235 1039 firmos
249 989 428 1058 cognoverat
443 979 559 1040 eminus
574 977 736 1057 pugnando
751 978 891 1040 retinere.
921 998 957 1040 eo
973 982 1066 1042 modo
1089 983 1168 1044 inter
1179 1000 1203 1044 se

130 1063 189 1123 duo
204 1063 408 1144 imperatores,
424 1064 531 1126 summi
547 1062 610 1137 viri,
625 1062 796 1137 certabant,
811 1064 868 1142 ipsi
883 1082 980 1143 pares,
996 1074 1135 1128 ceterum
1150 1067 1202 1148 opi·

92 1159 107 1209 t
129 1146 185 1209 bus
200 1149 375 1228 disparibus.
406 1168 475 1210 nam
490 1148 607 1210 Metello
622 1148 715 1210 virtus
728 1149 854 1210 mihtum
867 1158 938 1225 erat,
954 1150 1042 1212 locus
1054 1152 1201 1227 advorsus

92 1244 107 1293 3
128 1233 288 1313 Iugurthae
311 1235 366 1295 alia
389 1235 487 1295 omnia
509 1241 627 1313 praeter
649 1234 758 1296 milites
780 1243 959 1313 opportuna.
997 1237 1131 1317 denique
1151 1238 1201 1299 Ro

129 1320 225 1393 mani,
247 1319 299 1381 ubi
313 1320 491 1400 intellegunt
506 1337 604 1398 neque
619 1318 675 1380 sibi
690 1320 858 1398 perfugium
874 1339 939 1382 esse
954 1339 1056 1399 neque
1074 1322 1111 1383 ab
1127 1323 1200 1384 hoste

129 1405 243 1484 copiam
255 1405 408 1484 pugnandi
419 1405 484 1466 lieri
498 1438 540 1450 -
556 1413 585 1464 et
597 1403 653 1464 iam
666 1404 713 1465 die
724 1423 831 1483 vesper
842 1413 905 1466 erat
918 1441 970 1478 —,
985 1408 1114 1469 advorso
1127 1408 1199 1479 colle,

89 1501 104 1550 4
128 1490 213 1551 sicuti
236 1499 427 1569 praeceptum
449 1491 562 1563 luerat,
592 1488 728 1550 evadunt.
766 1490 872 1551 amisso
895 1490 960 1552 loco
984 1491 1131 1554 Numidae
1152 1495 1166 1554 f
1194 1492 1198 1503 '

129 1575 295 1654 fugatique3
318 1575 404 1655 pauci
419 1575 576 1648 interiere,
599 1574 757 1653 plerosque
772 1576 911 1637 velocitas
925 1584 955 1637 et
968 1577 1055 1655 regio
1075 1577 1198 1640 hostibus

129 1661 231 1739 ignara
246 1670 339 1721 tutata
354 1671 434 1722 sunt.
804 1665 806 1669 '

91 1756 105 1805 5
212 1745 328 1807 Interea
345 1746 504 1820 Bomilcar,
523 1763 611 1824 quem
628 1744 793 1823 elephantis
808 1754 838 1805 et
853 1745 930 1824 parti
946 1745 1104 1825 copiarum
1120 1747 1198 1828 pede·

129 1831 233 1892 strium
249 1832 432 1910 praelectum
447 1830 484 1892 ab
499 1831 642 1910 Iugurtha
657 1847 747 1909 supra
763 1829 908 1905 diximus,
924 1829 976 1890 ubi
993 1850 1062 1893 eum
1079 1832 1198 1895 Rutilius

126 1925 364 1995 praetergressus
386 1924 446 1988 est,
469 1916 609 1996 paulatim
630 1934 700 1976 suos
722 1914 753 1975 in
769 1933 897 1994 aequum
911 1915 1011 1976 locum
1027 1917 1147 1979 deducit
1160 1936 1197 1995 ac,

127 2000 196 2059 dum
212 2001 326 2079 legatus
348 2001 382 2060 ad
399 2001 526 2074 llumen,
549 2019 609 2079 quo
632 1999 811 2081 praemissus
833 2009 908 2074 erat,
931 2001 1078 2064 festinans
1101 2003 1198 2084 pergit,

128 2085 257 2162 quietus,
281 2085 322 2146 uti
346 2104 393 2146 res
408 2084 590 2164 postulabat,
613 2085 707 2147 aciem
729 2094 853 2147 exornat
876 2103 973 2164 neque
996 2087 1124 2149 remittit
1135 2086 1198 2167 quid

91 2178 106 2227 e
127 2167 238 2246 ubique
260 2169 352 2230 hostis
375 2180 476 2249 ageret
497 2171 660 2250 explorare.
690 2171 848 2251 postquam
870 2170 1011 2232 Rutilium
1035 2174 1198 2261 consedisse

161 2301 339 2365 legionarios:
364 2301 389 2353 d.
408 2302 432 2356 h.
450 2302 585 2368 rdmische,
602 2304 637 2355 im
690 2302 761 2356 solbe
774 2303 885 2356 Verbum
904 2320 950 2356 nur
969 2305 1008 2357 als
1021 2305 1121 2374 Copula
1140 2307 1199 2359 hier·

125 2366 294 2421 Unterschied
307 2385 358 2421 von
370 2368 419 2423 den
429 2373 638 2424 cohsociorum.
689 2370 736 2423 her
752 2388 783 2423 zu
802 2372 901 2425 nioben.

124 2437 197 2489 Aucb
227 2438 306 2490 sehon
337 2439 435 2491 damals
465 2438 553 2492 wurde
581 2441 638 2492 eine
724 2442 748 2493 3.
768 2445 794 2490 et
810 2443 878 2492 iam:
896 2457 928 2493 au
947 2440 1002 2493 Cat,
1018 2444 1058 2504 19,
1072 2445 1098 2495 2.

124 2505 379 2574 Legionsabteilung,
401 2508 500 2560 welche
518 2523 564 2560 aus
582 2508 636 2560 drei
723 2509 778 2559 dio:
796 2535 829 2554 =
848 2509 914 2560 diei:
933 2510 986 2575 vgl.
1004 2524 1038 2561 zu
1059 2513 1100 2573 16,
1112 2513 1136 2564 3.

125 2573 255 2641 Manipeln
264 2574 405 2641 (Hastaten,
417 2576 557 2645 Principes,
567 2576 638 2629 Tria-
722 2576 837 2628 advorso
850 2577 927 2628 collo:
942 2572 1002 2628 ‘den
1015 2576 1099 2644 lldgel
1112 2577 1198 2646 gendo

126 2643 185 2707 rior)
213 2643 335 2709 bestand,
371 2645 485 2698 Koborte
517 2651 637 2711 genennt,
688 2639 784 2708 hinan’‚
795 2645 841 2696 mit
850 2643 1115 2698 denterbooaam
1123 2662 1200 2715 grom-
1241 2666 1243 2671 ·

127 2712 248 2763 whhrcnd
266 2711 307 2764 die
325 2714 490 2781 hulstellung
507 2715 572 2767 nach
585 2713 636 2765 Ko·
688 2713 797 2765 matisch
807 2728 836 2765 so
848 2712 1005 2778 verbunden,
1018 2715 1069 2765 wie
1081 2719 1123 2779 50,
1134 2719 1149 2769 6
1159 2714 1199 2767 das

126 2777 216 2831 horton
234 2781 260 2832 in
282 2781 326 2832 der
345 2782 466 2834 Schlacht
484 2783 565 2835 selbot
583 2788 636 2834 erst
688 2781 799 2832 Adverh.
813 2798 857 2842 oo;
876 2780 922 2832 das
935 2780 1012 2833 Verb.
1026 2782 1089 2834 aber
1107 2783 1199 2837 hierio

126 2848 175 2898 seit
186 2846 281 2900 Marius
296 2866 341 2900 nur
353 2850 433 2917 Regel
452 2850 547 2903 wurde.
577 2850 635 2916 llgl.
687 2849 795 2901 anderen
811 2848 971 2914 Bedeutung‚
990 2865 1022 2901 au
1043 2853 1085 2917 60,
1099 2855 1125 2905 6.

125 2932 158 2966 zu
178 2915 231 2968 Cat.
251 2920 292 2980 59,
306 2919 330 2968 2.
722 2921 746 2969 4.
763 2921 879 2983 ignaro:
898 2933 929 2968 zu
949 2919 989 2981 18,
1002 2919 1026 2969 6.

158 2988 183 3039 4.
195 2985 262 3036 iltis:
273 2984 433 3048 bezeichnet,
451 2985 501 3036 wie
513 2985 637 3051 gewbhn·
722 2990 824 3037 tutata:
842 2986 888 3038 des
906 2985 1029 3038 Neutrum
1050 2988 1118 3040 nach
1136 2987 1200 3041 ureb-

124 3052 175 3103 licb
187 3053 214 3103 in
227 3052 271 3104 der
283 3052 427 3104 indirclrten
439 3051 519 3116 Rode,
531 3053 573 3104 die
584 3051 636 3103 An·
688 3069 760 3106 ceren
771 3054 908 3106 Femininis
921 3069 986 3118 ganz
1000 3055 1051 3106 wie
1062 3055 1118 3111 Cat.
1129 3059 1169 3122 20,
1179 3058 1200 3108 2.

124 3120 274 3184 geredeten;
293 3120 347 3171 also
366 3120 406 3171 die
425 3124 489 3172 rom.
503 3119 634 3172 Soldaten.
721 3127 746 3176 5.
761 3138 856 3188 cupro:
876 3122 1007 3186 ndml.49,
1021 3124 1045 3176 1.
1075 3122 1200 3177 Bomilcar

123 3186 181 3253 Vgl.
195 3205 219 3240 u.
232 3204 254 3240 a.
269 3190 292 3252 8,
305 3190 333 3248 2;
348 3190 389 3250 33,
402 3191 425 3240 4.
455 3189 506 3240 Zur
518 3188 636 3255 Stellung
686 3190 760 3242 stand
783 3191 829 3242 aul
849 3189 997 3243 demselben
1020 3189 1121 3258 thel,
1144 3194 1199 3245 aber

125 3272 157 3307 zu
174 3256 228 3308 Cat.
242 3258 283 3319 38,
296 3258 320 3307 4.
686 3258 777 3309 weiter
794 3259 859 3310 nach
877 3258 934 3310 dem
953 3257 1043 3310 Flusse
1062 3276 1105 3313 zu.

158 3316 483 3388 5.oo...qut'dom:‘aoch
495 3362 502 3377 .
514 3363 520 3376 .
531 3360 537 3375 .
548 3317 635 3376 nicht‘.
721 3329 846 3378 remittit:
865 3328 912 3379 mit
933 3327 990 3378 dem
1009 3327 1057 3382 lui.
1077 3329 1105 3380 in
1123 3328 1198 3381 Proso

158 3393 259 3443 dubim:
273 3392 417 3456 Gegensatz
428 3407 460 3443 zu
468 3391 527 3442 dem
537 3392 636 3456 lolgen-
687 3408 752 3458 ganz
762 3395 969 3459 ungewdbnlicb‚
981 3395 1027 3447 mit
1036 3396 1146 3450 anderen
1154 3397 1198 3449 lle

124 3459 171 3512 den
183 3460 283 3523 firmos.
313 3460 360 3512 Die
373 3460 464 3513 beiden
477 3459 636 3526 Satzglieder
686 3459 814 3528 deutung,
839 3463 900 3514 aber
922 3464 987 3515 nach
1006 3463 1133 3532 Analogie
1151 3481 1197 3517 von

123 3530 242 3580 hostibus
254 3566 261 3580 .
273 3567 280 3580 .
293 3567 300 3580 .
312 3532 428 3581 rotinere
445 3529 536 3582 stehen
553 3529 634 3580 vorei·
687 3532 809 3580 omittere
826 3532 867 3595 35,
880 3533 904 3584 8.

123 3597 178 3661 nigt
191 3596 249 3648 dem
260 3599 401 3649 subvenire
412 3600 468 3649 suis
480 3597 634 3664 gegenhber.
719 3600 830 3662 ubique:
848 3615 879 3650 zu
892 3600 945 3652 Cat.
960 3603 1000 3664 21,
1017 3603 1043 3661 1;
1063 3600 1106 3653 die
1123 3602 1197 3653 zwie·

125 3689 143 3722 2,
156 3663 203 3718 52.
216 3667 239 3717 2.
259 3666 333 3716 lomes
350 3667 491 3718 odoorms:
511 3682 557 3718 aus
576 3665 634 3718 dem
686 3665 1195 3733 iacbeFragewhrdeausgedrhclrtsein,

122 3731 633 3799 vorhergehendenSatze,wooratvolle
685 3734 736 3785 wie
765 3737 811 3799 54,
830 3738 856 3788 2:
887 3738 935 3786 uhi
961 3741 1009 3786 out
1035 3739 1112 3802 quid3
1145 3738 1194 3790 Get

122 3798 282 3866 pridilrative
295 3800 447 3869 Bcdeutung
459 3804 512 3868 hat,
529 3803 564 3853 ist
576 3801 633 3853 das·
685 3805 727 3868 41,
742 3807 764 3856 1.
