2498 4276
119 108 179 166 216
499 109 525 162 G.
544 108 701 162 sannvsll
717 110 819 164 CRISPI

117 300 166 342 aes
181 292 315 344 mutuum
332 285 470 358 reddere,
494 285 557 365 ipse
573 282 609 343 ab
625 283 707 343 nullo
723 292 875 362 repetere,
898 285 994 364 magis
1009 287 1040 348 id
1056 287 1189 364 laborare,

118 378 151 427 ut
166 368 205 427 illi
221 387 309 446 quam
324 371 453 449 plurumi
470 371 628 441 deberent,
652 369 714 429 ioca
731 379 819 446 atque
834 370 911 430 seria
927 390 998 432 oum
1015 373 1189 437 humillumis

82 465 96 512 3
119 471 222 530 agere3
245 455 275 515 in
300 455 456 535 operibus,
479 456 509 515 in
533 454 650 533 agmine
671 462 760 532 atque
783 455 817 514 ad
832 455 944 534 vigilias
959 458 1077 520 multus
1093 461 1191 536 adesse,

119 557 215 616 neque
234 539 363 613 interim,
380 541 458 619 quod
471 558 556 619 prava
573 538 692 599 ambitio
709 539 792 612 solet,
809 540 940 602 consulis
956 552 1009 603 aut
1024 545 1191 624 cuiusquam

119 623 189 683 honi
206 625 311 686 famam
329 626 458 706 laedere,
482 634 595 686 tantum
618 625 706 685 modo
730 642 827 702 neque
849 627 975 687 consilio
994 647 1099 708 neque
1113 649 1192 693 manu

82 719 97 770 4
119 710 248 787 priorem
264 712 352 771 alium
369 712 446 790 pati,
469 712 629 789 plerosque
645 709 824 770 antevenire.
851 710 960 789 quibus
976 713 1073 776 rebus
1089 727 1119 777 et
1132 717 1192 776 arti·

117 793 173 855 bus
188 795 268 855 brevi
285 797 375 855 Mario
392 796 592 874 militibusque
607 795 785 856 carissumus
800 796 903 857 lactus.

65 886 100 943 97
201 879 238 939 At
266 880 420 958 Iugurtha,
440 888 606 960 postquam
638 879 779 958 oppidum
803 879 926 960 Capsam
956 883 1097 962 aliosque
1119 885 1192 947 locos

117 964 248 1025 munitos
263 974 292 1024 et
307 965 362 1025 sihi
377 965 473 1038 utilis,
495 966 583 1027 simul
605 975 635 1025 et
656 982 791 1044 magnam
809 967 968 1045 pecuniam
985 969 1142 1044 amiserat,
1161 972 1191 1032 ad

118 1049 266 1110 Bocchum
297 1051 418 1112 nuntios
445 1051 540 1112 misit:
572 1068 659 1128 quam
689 1050 817 1129 primum
847 1052 877 1111 in
900 1052 1071 1115 Numidiam
1102 1057 1192 1136 copias

80 1145 94 1195 2
118 1134 294 1210 adducerem
317 1136 411 1214 proeli
434 1136 563 1196 faciundi
587 1144 705 1215 tempus
727 1137 838 1196 adesse.
875 1155 963 1215 quem
988 1139 1041 1199 uhi
1065 1141 1191 1202 cunctari

118 1220 234 1298 accepit
256 1230 285 1280 et
307 1221 428 1282 dubium
445 1221 514 1282 helli
531 1232 619 1298 atque
634 1220 715 1299 pacis
729 1221 860 1281 rationes
883 1222 1016 1297 trahere,
1033 1243 1142 1288 rursus
1155 1227 1190 1287 uti
1233 1300 1235 1305 ¹

118 1315 202 1365 antea
232 1324 393 1384 proxumos
422 1307 485 1368 eius
514 1307 600 1367 donis
621 1306 757 1385 corrupit
778 1306 892 1384 ipsique
914 1307 1017 1370 Mauro
1040 1311 1192 1390 pollicetur

117 1390 271 1451 Numidiae
293 1402 407 1471 partem
429 1392 561 1464 tertiam,
584 1391 609 1451 si
631 1401 681 1451 aut
696 1391 821 1451 Romani
837 1392 933 1452 Africa
954 1395 1074 1472 expulsi
1087 1407 1138 1458 aut
1151 1398 1191 1457 in·

79 1488 93 1536 a
117 1477 208 1553 tegris
222 1477 284 1538 suis
300 1477 408 1537 linibus
424 1477 532 1537 bellum
546 1476 742 1555 compositum
758 1477 844 1536 soret.
871 1495 905 1536 eo
921 1481 1055 1557 praemio
1073 1481 1191 1544 inlectus
1233 1485 1235 1489 ’

116 1561 251 1623 Bocchus
266 1580 332 1622 eum
349 1581 453 1640 magna
469 1560 657 1622 multitudine
672 1561 843 1639 Iugurtham
859 1562 981 1624 aceedit.

200 1647 242 1708 lta
266 1648 420 1708 amborum
445 1647 577 1708 exercitu
600 1647 761 1707 coniuncto
784 1646 908 1707 lllarium
931 1647 987 1708 iam
1013 1651 1043 1710 in
1072 1651 1190 1713 hiberna

114 1732 352 1810 proficiscentem
367 1733 412 1792 vix
428 1733 551 1793 decuma
567 1741 650 1811 parte
673 1730 719 1791 die
739 1731 851 1809 reliqua
867 1732 1018 1808 invadunt,
1042 1736 1101 1797 rati
1124 1755 1190 1798 noe·

113 1827 185 1889 tem,
202 1836 276 1895 quae
289 1818 346 1878 iam
362 1819 471 1890 aderat,
488 1827 517 1878 et
531 1818 615 1878 victis
630 1816 686 1877 sihi
701 1815 888 1876 munimento
900 1819 965 1878 lo're
977 1828 1008 1880 et
1019 1821 1044 1880 si
1055 1821 1190 1883 vicissent

115 1903 196 1963 nullo
214 1903 436 1983 impedimento,
453 1903 520 1981 quia
536 1904 669 1964 locorum
685 1902 813 1973 seientes
825 1912 919 1975 erant,
936 1915 1041 1964 eontra
1054 1907 1190 1968 Romanis

78 1999 92 2048 4
113 1996 272 2066 utrumque
288 2006 386 2049 casum
403 1989 433 2048 in
450 1988 583 2049 tenebris
598 1987 790 2048 difficiliorem
807 1988 880 2047 lore.
911 1988 1002 2066 igitur
1017 1992 1108 2052 simul
1123 2011 1189 2054 con·

148 2105 171 2157 2.
189 2109 319 2169 repetere:
344 2104 408 2157 dazu
431 2119 483 2170 erg.
503 2122 542 2167 ec,
560 2105 626 2157 hzw.
679 2102 757 2154 durch
780 2102 828 2154 den
852 2102 954 2155 Verlust
979 2105 1024 2157 der
1051 2106 1188 2174 Bergleste,

116 2172 251 2232 beneficia,
264 2172 315 2222 wie
328 2172 438 2223 naehher
451 2188 481 2224 zu
494 2173 625 2224 deberent.
677 2171 729 2237 vgl.
748 2173 790 2236 92,
803 2173 826 2222 6.

148 2239 202 2288 illi:
233 2239 451 2291 ausnahmsweise
478 2240 625 2306 gebraucht,
712 2234 1124 2308 2.rationes:‘dielnteressen’‚
1143 2245 1188 2295 wie

113 2321 155 2357 wo
180 2306 343 2372 regelmdlsig
365 2306 412 2360 das
435 2307 510 2358 Pron.
538 2307 625 2359 rellex.
678 2307 731 2358 Cat.
750 2310 792 2373 44,
811 2311 840 2369 53
868 2312 974 2360 tradere
1002 2304 1038 2362 ‘iu
1061 2310 1188 2374 Betraehl,

114 2375 203 2424 slehen
222 2373 311 2434 sollte;
335 2390 364 2426 so
382 2374 417 2426 ist
434 2375 475 2426 die
497 2374 626 2426 Verwirls-
677 2373 846 2441 Bereehnung
875 2370 987 2444 ziehen',
1016 2381 1086 2432 ohne
1113 2383 1189 2445 (cum)

112 2441 217 2508 lichnng
230 2441 274 2494 der
286 2443 393 2495 Absicht
406 2444 625 2509 hervorgehoben,
678 2446 776 2506 animo,
795 2459 826 2495 zu
846 2447 886 2504 84,
899 2449 922 2497 4.

113 2510 168 2562 also
182 2509 226 2562 der
238 2509 358 2564 Gedanlre
375 2513 447 2564 mehr
460 2512 633 2583 unmittolhar¹
710 2515 754 2561 cti
770 2516 864 2563 antea:
883 2528 928 2564 zur
946 2511 1028 2566 Sache
1046 2516 1100 2581 vgl.
1115 2518 1155 2580 80,
1168 2519 1188 2570 3.

113 2593 159 2630 ans
184 2580 242 2630 dem
261 2579 340 2632 Sinne
364 2580 409 2633 des
428 2580 625 2634 Schriltstellers
711 2581 734 2632 3.
747 2581 918 2644 Iugurtham:
938 2580 982 2632 der
996 2583 1058 2634 dcc.
1074 2583 1120 2636 der
1134 2585 1188 2637 Per·

113 2647 222 2714 gelasst3
240 2649 274 2699 im
293 2649 437 2702 [teutschen
456 2649 571 2702 ihnlioh:
588 2644 626 2702 ‘er
677 2662 723 2699 son
745 2648 787 2699 bel
806 2649 944 2713 accedere,
966 2651 1017 2700 wie
1036 2654 1083 2716 20,
1103 2655 1119 2704 3
1138 2653 1189 2705 der·

112 2717 157 2768 sah
171 2718 242 2768 mehr
260 2717 357 2782 darauf,
375 2719 431 2771 dala
450 2736 477 2771 er
488 2719 626 2785 mdgliehst
673 2716 761 2781 jenige
774 2715 818 2767 der
831 2716 912 2768 Sache
926 2716 1052 2784 (dagegen
1066 2723 1108 2786 18,
1121 2723 1137 2774 9
1149 2722 1191 2773 der

112 2785 179 2836 uielc
192 2784 334 2838 Schuldncr
345 2779 459 2852 hattc’‚
477 2788 561 2839 nicht:
578 2781 625 2838 ‘zu
676 2783 751 2836 Detiv
770 2784 814 2836 der
832 2784 945 2848 Person).

112 2847 238 2905 hahen'.
710 2855 740 2903 iu
762 2855 873 2903 hiberna
891 2853 1123 2918 proficiscentem:
1150 2856 1205 2908 aul‘

146 2925 218 2972 ioco:
239 2921 309 2974 diese
321 2921 474 2974 Plurallorm
493 2924 560 2975 steht
578 2924 624 2974 mit
677 2920 734 2972 dem
754 2919 887 2987 Rhekweg
904 2937 955 2973 rou
974 2921 1018 2974 der
1036 2923 1190 2992 Expeditior

110 2992 182 3040 seria
201 2989 289 3056 hiufig
307 2990 344 3041 als
360 2990 502 3055 (legensatz
514 2992 623 3042 verbun-
675 3004 707 3040 an
726 2989 775 3041 den
792 2987 934 3041 Muluccha.

113 3057 170 3119 den,
189 3057 227 3109 als
240 3058 623 3124 sprlehwdrtlicheRedeweise
710 3059 765 3108 die:
784 3074 815 3109 cu
836 3059 875 3121 16,
889 3060 912 3110 3.

113 3126 262 3178 bezeichnet
279 3141 331 3177 von
344 3126 396 3179 Cic.
409 3125 440 3177 de
453 3125 497 3178 lin.
516 3130 540 3191 2,
550 3128 582 3180 85
595 3133 624 3176 ct
709 3126 792 3206 nullo.
807 3127 1006 3192 impedimento:
1033 3125 1079 3178 der
1105 3128 1190 3180 Ablat.

112 3209 385 3314 uallatum
398 3195 557 3326 llltltlt
570 3194 623 3326 ΒΞ
676 3192 1191 3331 lllldtlttlztllll.lt¹ltsdl

111 3334 182 3380 seria
201 3346 233 3381 ac
255 3332 328 3381 iocos
351 3330 495 3391 celebrare,
519 3329 570 3381 und
594 3346 624 3381 so
676 3344 751 3380 wcnn
765 3345 791 3380 er
804 3330 858 3382 hier
870 3332 958 3382 slehen
972 3330 1057 3394 sollte,
1075 3331 1116 3384 die
1130 3333 1191 3385 Ver-

112 3400 176 3450 auch
191 3399 233 3450 bei
245 3398 355 3461 Andern,
373 3412 448 3448 wenn
461 3401 536 3449 iocus
547 3398 625 3449 naeh-
676 3397 788 3462 neinung
807 3400 852 3449 mit
865 3413 923 3450 non
945 3398 1075 3450 erlordern
1095 3401 1189 3453 wdrde.

111 3466 184 3531 lolgt.
710 3468 853 3531 utrrtmque
871 3483 960 3518 cesum
977 3466 1112 3529 ...form
1130 3469 1155 3521 d.
1172 3469 1188 3521 i.

146 3538 170 3589 3.
188 3535 301 3586 multus:
320 3550 351 3585 cu
370 3536 447 3599 841.
678 3534 723 3586 das
751 3531 880 3586 Eintreten
904 3535 949 3586 des
971 3537 1046 3587 einen
1070 3537 1122 3588 wic
1144 3538 1189 3588 des

112 3619 237 3722 spteqaffi'
254 3605 378 3722 interpp(l
406 3602 452 3723 ωὲι
466 3600 624 3722 btaldelndgm
676 3599 770 3719 audenti
782 3601 864 3722 Folle?¹
881 3604 968 3722 1sfrerde
987 3605 1057 3656 melu
1075 3604 1190 3657 Schwie·

132 3685 200 3722 eren
230 3687 253 3722 rc
295 3686 327 3721 au
381 3686 409 3723 as
450 3685 561 3722 earen
597 3685 625 3722 es
675 3686 696 3721 rr
734 3683 800 3720 e1en
819 3686 940 3724 scaen.

112 3736 205 3789 Marius
225 3738 371 3804 gegendber
387 3738 506 3791 Metellus
524 3741 565 3801 64,
579 3743 602 3792 5.
698 3684 734 3790 g4.
746 3738 828 3788 simet
840 3778 845 3791 .
859 3776 866 3790 .
880 3777 886 3790 .
900 3746 937 3791 et:
950 3740 1003 3806 vgl.
1015 3739 1076 3791 Tae.
1086 3741 1152 3794 Aun.
1163 3745 1187 3805 4,

146 3805 190 3859 97.
206 3810 390 3872 Lpecum'cm:
405 3806 459 3858 dies
469 3807 625 3860 namentlieh
677 3809 708 3859 25
727 3806 858 3872 simulque
875 3814 982 3873 coeptus
1003 3809 1059 3860 dies
1083 3814 1110 3859 ct
1127 3826 1188 3862 con·
