2498 4260
348 158 390 210 DE
408 157 509 210 BELLO
528 112 682 210 lVGVRTll.
719 157 744 210 C.
764 160 805 211 92.
819 159 859 210 93.
1079 156 1138 211 211

61 349 138 411 quae
155 349 221 391 cum
237 330 346 392 multos
362 331 423 391 dies
439 331 594 408 noctisque
610 339 747 391 aestuans
762 330 900 408 agitaret,
923 330 999 390 sorte
1022 327 1141 407 quidam
1163 338 1177 387 2

61 418 163 496 Ligna,
187 435 221 478 ex
236 415 409 477 cohortibus
424 415 580 476 auxiliariis
595 416 679 477 miles
694 416 856 494 gregarius,
881 414 985 474 castris
1001 423 1139 492 aquatum

62 519 200 582 egressus
215 499 292 561 haud
307 501 410 580 procul
427 500 463 560 ab
478 501 569 561 latere
585 500 705 575 castelli,
722 500 801 579 quod
817 518 951 560 avorsum
967 499 1140 579 proelianti·

62 587 119 648 bus
141 595 219 658 erat,
242 585 372 646 animum
396 586 521 646 advortit
535 586 614 646 inter
628 604 695 647 saxa
712 586 844 665 repentis
860 585 990 658 cocleas;
1015 603 1139 663 quarum

63 690 130 732 cum
156 688 244 731 unam
268 678 356 749 atquc
378 671 514 744 alteram,
538 670 606 731 dein
629 671 730 750 plures
752 679 884 750 peteret,
908 670 1005 731 studio
1020 669 1141 748 legundi

61 756 202 837 paulatim
216 774 310 836 prope
326 754 361 816 ad
376 774 523 816 summum
539 757 649 817 montis
664 774 800 835 egressus
816 765 869 817 est.
912 754 963 816 nbi
984 765 1139 834 postquam
1162 762 1177 811 3

62 840 251 903 solitudinem
268 840 427 915 intellexit,
450 859 532 901 more
554 841 656 920 ingeni
678 841 800 901 humani
823 841 931 920 cupido
954 839 1081 901 difficilia
1097 841 1139 900 la-

62 927 163 988 ciundi
186 926 316 986 animum
339 926 394 987 alio
418 927 515 986 vortit.
545 935 575 986 et
596 927 672 986 sorte
687 926 717 986 in
735 945 768 986 eo
785 925 850 986 loco
866 925 986 1004 grandis
1000 925 1057 985 ilex
1073 943 1141 985 coa·
1163 935 1178 982 t

62 1012 159 1072 luerat
169 1011 248 1072 inter
258 1028 336 1084 saxa,
352 1011 473 1090 paulum
484 1011 572 1072 modo
589 1029 695 1090 prona,
711 1011 817 1071 deinde
833 1011 938 1070 inflexa
954 1019 1042 1089 atque
1056 1019 1140 1071 aucta

63 1098 92 1157 in
112 1096 311 1171 altitudinem,
334 1114 393 1174 quo
409 1105 517 1157 cuncta
532 1097 717 1175 gignentium
736 1104 840 1155 natura
855 1096 929 1171 lert3
953 1097 1037 1157 cuius
1052 1095 1140 1156 ramis

62 1182 167 1254 modo,
189 1180 277 1241 modo
301 1181 500 1242 eminentibus
522 1182 598 1242 saxis
613 1181 696 1242 nisus
710 1180 800 1258 Ligus
815 1180 844 1240 in
863 1180 973 1241 castelli
988 1181 1141 1259 planitiem

61 1266 207 1346 pervenit,
224 1265 303 1344 quod
319 1266 418 1328 cuncti
430 1266 572 1327 Numidae
585 1266 691 1326 intenti
703 1264 917 1345 proeliantibus
928 1265 1059 1325 aderant.
1090 1285 1140 1325 ex·
1161 1277 1176 1324 5

61 1351 185 1431 ploratis
201 1351 349 1425 omnibns,
364 1369 440 1430 quae
451 1369 520 1412 mox
535 1351 601 1412 usui
616 1352 680 1412 sore
695 1349 831 1423 ducebat,
847 1349 947 1410 eadem
964 1350 1138 1427 regreditur,

62 1456 125 1497 non
149 1445 275 1510 temere,
298 1436 341 1497 uti
363 1437 573 1508 adscenderat,
596 1436 647 1496 sed
670 1443 818 1514 temptans
841 1435 938 1495 omnia
962 1445 991 1495 et
1013 1434 1139 1495 circum-

61 1522 202 1601 spiciens.
233 1523 332 1600 itaque
346 1521 470 1582 Marium
487 1539 614 1601 propere
630 1521 704 1594 adit,
721 1528 784 1581 acta
799 1521 918 1594 edocet,
935 1520 1086 1592 bortatur,
1102 1521 1138 1579 ab
1161 1540 1175 1588 6

61 1625 95 1667 ea
107 1613 201 1686 parte,
218 1625 275 1685 qua
287 1606 564 1685 ipseadscenderat,
581 1606 732 1667 castellum
749 1613 887 1684 temptet;
903 1606 1059 1685 pollicetur
1074 1623 1139 1665 sese

60 1692 177 1752 itineris
198 1690 383 1771 periculique
406 1692 521 1752 ducem.
554 1692 663 1753 Marius
687 1710 753 1751 cum
777 1690 886 1770 Ligure
909 1690 1052 1770 promissa
1077 1689 1176 1762 eins7

61 1777 215 1856 cognitum
232 1795 267 1836 ex
282 1777 489 1855 praesentibus
508 1776 602 1852 misit;
625 1794 752 1855 quorum
768 1776 811 1835 uti
828 1776 970 1854 cuiusque
985 1775 1138 1852 ingenium

62 1871 136 1935 erat,
158 1861 198 1921 ita
213 1879 276 1922 rem
292 1860 440 1922 difficilem
471 1870 521 1922 aut
536 1862 651 1922 facilem
667 1860 855 1936 nuntiauere3
879 1861 1010 1922 consulis
1024 1861 1140 1920 animus

60 1958 160 2008 tamen
177 1947 296 2026 paulum
306 1956 448 2008 arrectus.
478 1947 575 2027 itaque
588 1966 623 2007 ex
635 1947 719 2025 copia
732 1945 899 2006 tubicinum
913 1953 942 2007 et
953 1946 1139 2006 cornicinum
1161 1965 1176 2015 8

61 2050 189 2093 numero
202 2031 335 2111 quinque
347 2050 433 2111 quam
446 2032 656 2094 velocissumos
668 2031 785 2110 delegit,
801 2039 908 2092 etcum
925 2031 977 2104 eis,
993 2030 1140 2110 praesidio

60 2118 114 2196 qui
129 2118 244 2190 forent,
266 2125 408 2194 quattuor
422 2118 628 2192 centuriones,
647 2118 804 2195 omnisque
819 2116 922 2197 Liguri
937 2135 1043 2196 parcre
1058 2115 1141 2177 iubet

60 2266 141 2319 Ordre
154 2281 209 2317 war
220 2265 305 2318 erteilt
317 2263 445 2333 worden’,
458 2267 573 2334 dagegen
626 2283 658 2318 zu
669 2270 765 2318 cuncta
775 2266 839 2318 wind
848 2267 889 2318 die
897 2266 1139 2334 substantivierung

56 2352 101 2402 pr.
115 2328 499 2397 crata‘diellrdrelautete’;
513 2336 574 2386 abn-
627 2335 715 2386 beiden
741 2333 843 2387 Wtirter
871 2342 923 2387 erst
949 2337 1021 2387 recht
1050 2351 1140 2387 verau-

59 2404 112 2454 liclr
131 2403 202 2465 aba
222 2403 304 2453 locali
325 2401 449 2466 socruum
472 2402 524 2454 und
542 2420 574 2454 au
626 2402 777 2454 schaulicbt.

59 2475 102 2533 90,
116 2474 128 2522 1
147 2474 240 2520 natum
258 2469 358 2531 suerat.
658 2473 790 2537 pervenit:
804 2472 929 2537 prignant
941 2470 965 2521 d.
975 2471 992 2521 i.
1007 2485 1034 2521 es
1047 2471 1140 2536 gelang

94 2540 119 2590 2.
132 2539 394 2590 animumadoortit:
407 2538 575 2590 inaltertdm-
626 2538 678 2589 ihm
702 2555 733 2590 zu
751 2559 797 2599 -;
822 2537 901 2589 daber
924 2537 968 2588 der
989 2537 1139 2589 llansalsatz

57 2607 141 2659 licher
164 2605 250 2658 Weise
273 2607 299 2658 in
323 2611 469 2673 getrennter
491 2605 575 2672 Form,
627 2607 674 2657 mit
700 2607 778 2671 quod.
817 2604 1010 2656 Ausiubrlicber
1037 2607 1071 2656 ist
1098 2605 1139 2656 die

58 2676 105 2727 bat
122 2689 170 2727 nur
186 2673 242 2726 hier
259 2673 332 2726 einen
350 2677 411 2726 Acc.
430 2675 472 2727 bei
490 2675 553 2726 sicb.
624 2673 786 2738 Darstellung
804 2675 845 2735 94,
859 2675 882 2724 3.

58 2743 572 2876 aemtttlstltlttlattibuit
623 2741 914 2874 militabit-tlt
943 2740 1139 2805 ¹⁹''⁰⁰‘²'‘²⁷²'²'⁶²‘⁸

58 2878 220 2944 Bedentung,
238 2879 302 2930 tiber
318 2878 418 2931 welche
436 2895 466 2931 an
487 2881 527 2943 60,
540 2880 570 2940 o,
657 2879 681 2928 6.
701 2893 753 2942 quo
766 2915 772 2928 .
786 2913 811 2928 ..
833 2876 1018 2927 adscenderat:
1032 2892 1088 2927 zum
1100 2875 1139 2928 ln-

56 2948 112 3014 vgl.
125 2963 157 2998 au
169 2949 212 3009 41,
225 2950 248 3000 3.
623 2945 722 2997 dikativ
740 2945 792 3011 vgl.
805 2945 859 2997 Cat.
873 2947 913 3007 27,
926 2947 950 2995 4.

93 3018 118 3068 3.
140 3030 214 3065 more
237 3017 332 3080 ingeni
354 3016 466 3065 bomani
488 3041 521 3060 ..ι
541 3019 572 3065 att
659 3018 682 3064 t.
709 3030 743 3063 en:
765 3015 950 3079 praesentibus
976 3013 1062 3062 misit:
1093 3012 1138 3064 der

57 3100 116 3135 mor
126 3087 165 3133 eet
175 3087 193 3133 i.
205 3084 246 3135 ln:
259 3083 300 3134 die
314 3081 402 3136 Worte
412 3083 502 3135 steben
515 3082 573 3134 dem
626 3081 827 3148 pripositionale
835 3080 969 3133 ausdruck
978 3095 1022 3132 zur
1032 3081 1138 3145 Angabe

59 3151 140 3204 Sinne
158 3150 223 3202 nach
241 3150 267 3201 in
286 3165 392 3215 engerer
406 3149 574 3217 Verbindung
626 3150 671 3201 des
690 3147 930 3202 'l'eilverbiltnisses
948 3150 1015 3201 obne
1033 3149 1138 3213 Angabe

58 3221 107 3272 mit
125 3219 224 3284 cupido
243 3216 371 3281 difficilia
393 3218 519 3281 faciundi
535 3219 575 3271 als
627 3218 671 3269 des
682 3214 783 3268 Ganaen
794 3218 875 3269 bildet
884 3216 929 3269 das
939 3218 998 3268 Acc.
1009 3217 1073 3280 obj.;
1083 3217 1135 3282 vgl.

57 3289 106 3340 mit
115 3286 173 3339 dem
184 3285 501 3352 Pridiltatoortit,indem
512 3286 573 3339 Sall.
626 3285 686 3337 Tac.
699 3285 765 3337 Anu.
780 3288 802 3350 l,
816 3290 847 3338 '1⁵1
863 3289 957 3337 occisis
968 3301 1022 3336 non
1033 3285 1111 3335 modo
1124 3301 1138 3333 e

57 3357 103 3409 der
116 3356 198 3407 Kdrae
214 3354 303 3406 balber
315 3356 356 3406 ein
369 3355 573 3422 Zwiscbenglied
624 3356 707 3420 plebe,
726 3353 772 3404 red
788 3354 919 3405 mibtibua
937 3359 963 3404 et
975 3355 1138 3404 centurione.

58 3427 136 3488 (elwa
156 3425 264 3487 ineant)
282 3423 453 3490 saberepringt.
661 3425 685 3475 8.
703 3438 814 3473 numero
836 3426 966 3489 quinque:
992 3422 1042 3472 wie
1060 3424 1101 3482 59,
1113 3422 1138 3472 4.

93 3493 149 3543 alio
167 3514 202 3535 =
219 3491 256 3543 ad
279 3492 361 3543 aliam
383 3507 452 3542 rem:
478 3485 574 3576 ‘bringt
659 3493 706 3555 qui
722 3488 824 3551 forent:
846 3491 892 3541 aul
912 3505 971 3540 com
990 3491 1028 3538 eie
1046 3504 1075 3540 zu
1096 3489 1139 3539 be-

58 3560 102 3613 ibn
128 3559 174 3611 aul
196 3559 270 3611 einen
294 3559 389 3611 andem
411 3558 573 3612 Gedcnlten.
625 3558 730 3618 aieben3
749 3557 793 3608 der
805 3559 891 3621 Lente,
911 3558 951 3609 die
963 3572 995 3608 an
1014 3556 1058 3606 der
1070 3556 1138 3607 bals-

93 3622 573 3694 4.coaluerat:‘warlestgewacbsem
626 3624 786 3677 brecbenden
816 3625 938 3678 Kletterei
974 3623 1137 3688 teilnabmen,

60 3692 284 3762 eingewnchsen'.
625 3693 740 3744 konnten
753 3708 800 3745 nur
813 3709 877 3760 gana
891 3694 992 3759 wenige
1004 3696 1066 3754 sein,
1085 3694 1137 3744 und

90 3767 277 3830 gignentium:
291 3779 322 3815 au
335 3767 378 3829 to,
391 3765 420 3824 6;
437 3761 515 3814 durch
534 3761 575 3814 die
626 3761 697 3813 diese
719 3761 822 3814 dienten
846 3779 894 3814 nur
911 3778 955 3814 zur
973 3760 1137 3826 Bedecknng,

58 3831 235 3898 Anwendnug
253 3831 298 3884 des
315 3831 453 3899 partitiven
467 3827 575 3881 Genetiv
628 3830 722 3884 sollten
745 3830 836 3882 keinen
862 3830 1016 3883 ernstlicben
1039 3829 1141 3896 Angriil

936 3916 989 3965 lb*
