2498 4276
343 113 384 165 DE
403 113 505 166 BELLO
523 112 677 167 lVGVR’l'll.
712 114 739 166 C.
752 117 838 167 5-7.
1075 111 1135 171 109

143 285 238 365 Igitur
261 287 339 348 bello
354 286 536 348 Numantino
551 287 673 366 Micipsa
696 304 764 346 cum
779 286 890 366 populo
905 286 1040 348 Romano
1055 289 1139 366 equi·
1161 298 1175 348 1

10 370 13 377 '
57 383 120 433 tum
136 382 226 452 atque
242 372 376 452 peditum
387 371 491 432 auxilia
503 374 643 446 mitteret,
659 390 783 452 sperans
798 371 843 431 vel
858 372 1035 434 ostentando
1045 374 1138 435 victu·

56 468 114 518 tem
138 458 186 519 vel
207 459 337 519 hostium
359 457 477 518 saevitia
498 458 582 518 facile
605 475 672 517 eum
695 475 887 530 occasurum,
913 459 1054 537 praefecit
1075 459 1139 520 Nu·

57 543 159 618 nidis,
184 562 261 622 quos
283 543 314 603 in
331 541 502 622 Hispaniam
524 541 668 603 mittebat.
704 543 754 603 sed
778 560 811 602 ea
827 559 876 603 res
896 541 985 621 longe
1007 543 1091 605 aliter
1106 563 1140 605 ac
1161 554 1176 602 3

57 639 139 690 ratus
153 638 220 689 erat
242 629 347 688 evenit.
386 645 452 688 nam
468 627 626 707 Iugurtha,
651 637 683 688 ut
697 637 760 688 enat
774 627 892 706 inpigro
915 638 1003 707 atque
1018 629 1078 689 acui
1094 629 1140 689 in·
1162 639 1177 688 t

57 714 164 794 genio,
188 712 241 774 ubi
263 723 397 775 naturam
420 712 453 772 P.
473 713 636 793 Scipionis,
660 713 711 791 qui
733 722 798 773 tum
819 713 959 775 Romanis
980 715 1141 793 imperator

58 809 130 872 crat,
154 808 186 859 et
202 816 317 860 monem
338 797 467 859 hostium
490 798 637 878 cognovit,
660 797 753 858 multo
775 797 877 858 labore
892 799 1042 878 multaque
1058 818 1139 873 cura,

58 893 216 964 praeterea
230 884 457 945 modestissume
469 883 602 962 parendo
618 893 648 943 et
658 901 747 962 saepe
759 881 874 943 obviam
886 883 985 944 eundo
1000 885 1141 964 periculis

59 970 86 1030 in
103 979 222 1030 tantam
239 968 445 1030 claritudinem
467 967 549 1031 brevi
564 979 755 1048 pervenerat,
779 978 811 1029 ut
827 969 937 1030 nostris
951 969 1141 1031 vehementer

60 1072 162 1129 canus,
179 1053 371 1116 Numantinis
385 1071 523 1115 maxumo
543 1055 651 1115 terrori
667 1062 752 1117 esset.
782 1072 816 1115 ac
832 1073 918 1128 sane,
941 1055 1020 1133 quod
1036 1054 1141 1116 dificil·
1162 1065 1177 1114 5

59 1139 173 1200 lumum
190 1139 223 1200 in
237 1139 341 1220 primis
356 1150 416 1212 est,
439 1148 468 1200 et
482 1139 596 1218 proelio
611 1150 752 1200 strenuus
767 1147 872 1200 enatet
887 1138 985 1200 bonus
1000 1139 1139 1202 consilio:

51 1236 190 1303 'quorum
206 1223 330 1287 alterum
346 1243 382 1285 ex
397 1225 579 1303 providentia
599 1225 752 1298 timorem,
768 1224 892 1284 alterum
909 1243 945 1285 ex
961 1225 1082 1286 audacia
1097 1235 1141 1286 te·

62 1311 228 1372 ueritatem
245 1311 359 1371 adferre
376 1309 552 1389 plerumque
573 1309 656 1371 solet.
687 1309 776 1387 igitur
790 1310 952 1389 imperator
968 1312 1063 1372 omnis
1078 1311 1141 1370 lere
1164 1319 1180 1368 6

61 1413 106 1457 res
122 1413 247 1475 asperas
262 1413 317 1475 pen
331 1394 503 1474 Iugurtham
518 1413 614 1475 agere,
630 1395 662 1455 in
675 1395 777 1456 amicis
791 1394 909 1468 habere,
924 1395 1018 1474 magis
1033 1395 1143 1474 magis-

62 1499 118 1559 que
134 1499 205 1542 eum
221 1480 252 1541 in
268 1480 331 1541 dies
344 1479 499 1559 amplecti,
523 1480 633 1560 quippe
656 1479 740 1541 cuius
759 1498 857 1558 neque
872 1480 1029 1541 consilium
1046 1497 1142 1557 neque

62 1567 216 1645 inceptum
233 1565 324 1626 ullum
340 1565 450 1626 frustra
469 1575 540 1626 erat.
570 1567 629 1627 huc
651 1563 809 1626 accedebat
829 1565 1031 1626 munificentia
1054 1565 1144 1625 animi
1165 1574 1180 1622 t

32 1648 37 1655 “
63 1661 88 1713 et
104 1650 211 1730 ingeni
232 1650 377 1725 sollertia,
401 1650 467 1730 quis
488 1650 579 1712 rebus
600 1649 656 1712 sibi
672 1650 781 1711 multos
803 1669 838 1709 ex
853 1650 994 1711 Romanis
1010 1650 1143 1711 familiari

93 1769 123 1824 7.
159 1771 185 1820 2.
203 1765 460 1818 delloNumanta'oo:
478 1766 582 1832 geldhrt
632 1766 725 1818 hochst
750 1765 902 1832 schwierige
925 1766 1042 1832 Aulgabe
1065 1771 1144 1818 ersten

64 1838 198 1891 att-621
226 1836 382 1899 (143-133)
410 1849 492 1900 gegen
519 1835 581 1886 celt—
632 1831 729 1887 Grolse'
747 1833 850 1899 (Kntzp
869 1843 942 1886 sonst
957 1835 1082 1887 nurbeim
1096 1834 1145 1885 Po-

63 1905 191 1958 iberisclae
213 1902 326 1956 Stimme
351 1909 425 1955 anter
442 1901 581 1968 Viriathus,
632 1903 693 1955 sitiv
706 1903 755 1953 wie
767 1905 792 1966 4,
806 1906 833 1963 1;
852 1903 1081 1967 vgl.cie.c1uenc
1097 1904 1144 1955 165

64 1979 177 2040 genennt
194 1972 260 2023 nacla
279 1970 324 2023 der
335 1969 411 2023 Stadt
422 1970 579 2034 Numantia,
632 1971 786 2022 adulescens
812 1971 1021 2036 pudentissimos
1055 1976 1081 2021 et
1115 1973 1146 2021 io

64 2057 105 2094 um
135 2039 238 2093 welche
267 2039 323 2091 sich
349 2039 506 2091 schlietslich
535 2038 581 2091 der
630 2043 728 2106 primia
745 2042 878 2090 nonestus.

65 2109 141 2175 llrieg
165 2107 364 2161 konzentrierte.
398 2094 466 2158 Uber
487 2106 579 2160 dessen
667 2123 780 2173 quorum
790 2108 905 2158 alterum
915 2107 1087 2160 etc.:enth”alt
1096 2108 1145 2159 den

64 2175 277 2242 Bedeutungvgl.
291 2175 341 2228 (lic.
354 2174 418 2228 Mur.
430 2178 462 2227 58
471 2177 501 2228 P.
508 2174 582 2236 Asea·
633 2175 719 2228 Grund
737 2192 768 2228 zu
787 2173 904 2238 difficili.
923 2181 953 2226 in
970 2180 1081 2242 privatim
1106 2176 1148 2227 die

65 2261 149 2296 conus
160 2245 229 2295 duce
242 2247 358 2295 terrores
375 2245 455 2294 huius
466 2247 582 2310 imponi,
633 2242 831 2311 lloppelglieder
849 2245 964 2295 alter-aem
981 2275 1015 2282 -
1033 2244 1148 2294 alterum

67 2310 501 2378 eartnagmemltumantiache,
514 2312 581 2363 dele-
634 2313 717 2364 selbst
752 2312 810 2364 sind
839 2313 1010 2378 anaphorisch
1040 2313 1147 2377 gerelm,

64 2385 149 2440 verat,
167 2379 222 2432 und
234 2379 266 2432 de
278 2378 321 2433 off.
342 2384 364 2441 1,
380 2382 413 2433 38
432 2396 492 2431 eum
505 2380 582 2432 Celti-
633 2380 694 2431 aber
711 2380 802 2432 slehen
828 2382 854 2431 in
872 2381 1005 2433 Chiasmus
1023 2381 1070 2430 mit
1090 2380 1149 2432 dem

66 2452 145 2514 beris,
163 2464 225 2500 eum
238 2447 351 2501 Cimbris
366 2447 479 2500 bellum.
490 2485 496 2498 .
506 2464 583 2514 gere·
632 2447 875 2514 Vorhergehendem
890 2464 932 2501 wo
946 2447 1059 2500 dieselbe
1072 2447 1149 2514 Figur

66 2520 147 2569 batur
170 2522 233 2567 uter
250 2521 330 2578 esset,
351 2532 406 2567 nec
422 2522 484 2568 uter
500 2521 581 2583 impe·
633 2532 666 2566 zu
684 2517 817 2568 beachten.

65 2589 150 2638 reret.
180 2583 311 2636 Wihrend
323 2583 407 2636 dieser
421 2582 582 2650 Belagerung
668 2585 797 2635 audacia:
822 2583 876 2635 hier
898 2585 932 2634 im
957 2588 1036 2648 guten
1061 2583 1147 2633 Sinne.

65 2652 256 2719 kamlugurtha
266 2653 292 2703 in
302 2651 348 2704 das
357 2652 422 2705 lleer
433 2650 530 2704 'desSci
549 2654 583 2705 io.
634 2651 696 2704 Zum
709 2651 847 2703 Gedanken
860 2651 912 2717 vgl.
930 2649 1013 2703 Thuk.
1027 2651 1052 2715 2,
1065 2654 1107 2714 40,
1119 2653 1147 2702 3:

99 2726 125 2775 4.
144 2719 284 2772 Romanis:
303 2718 435 2772 derllativ
454 2736 506 2771 von
525 2669 583 2773 lem
634 2715 822 2788 διαφερόντως
846 2716 880 2784 δὴ
905 2721 952 2769 καὶ
970 2714 1036 2768 τόδε
1052 2720 1149 2783 ἔχομεν

10 2800 27 2811 “
66 2788 252 2842 verbundenen
278 2790 426 2854 imperator
451 2793 511 2840 erat
539 2789 584 2840 ab·
634 2780 707 2840 ὥστε
724 2783 829 2852 τολμᾶν
847 2805 878 2838 τε
895 2778 1012 2837 eludent
1029 2783 1150 2852 μάλιστα

64 2855 333 2923 hingig;vgl.10‚5
352 2859 442 2908 hoelis.
634 2858 760 2923 καὶπερὶ
782 2875 825 2906 ων
848 2851 1053 2924 ἐπιχειρήσομεν
1077 2851 1150 2905 ἐκλο-

38 2938 41 2943 ·
99 2925 311 2977 modestiesume:
338 2924 363 2979 d.
387 2924 412 2976 h.
435 2925 482 2976 mit
506 2926 585 2991 ginz·
634 2921 775 2994 νίζεσθαι·
795 2917 811 2973 ὃ
822 2919 1149 2990 (=‘wogegen')eoiceil-

65 2994 149 3046 lichen
177 2991 347 3045 Entiuleerun
394 2992 440 3044 dee
475 2994 583 3060 eigenen
637 2990 693 3043 locs
710 2985 885 3056 ἀμαθίαιιέν
896 2987 1150 3062 θράσοε,λογισμὸε

68 3060 194 3121 Willcns;
212 3060 265 3127 vgl.
278 3060 330 3113 cie.
347 3008 379 3113 lc
391 3060 459 3127 legg.
472 3065 497 3127 3,
509 3066 525 3114 5
539 3064 587 3126 qui
637 3055 667 3111 δὲ
685 3055 769 3112 ὄκνον
787 3062 870 3131 φέρει.

65 3131 185 3182 modeste
210 3133 292 3195 paret
319 3129 425 3180 videtur
460 3133 506 3195 qui
535 3131 584 3180 ali-
672 3129 695 3180 6.
725 3126 832 3190 frustra
850 3134 921 3180 erat:
947 3144 1004 3180 zum
1022 3126 1150 3179 lndikativ

121 3198 177 3249 ndo
203 3200 317 3263 imperet
341 3197 440 3262 ἀπ’ςνιιιι
465 3214 527 3250 eece.
551 3225 585 3236 -
636 3196 689 3262 vgl.
702 3196 758 3252 Cat.
770 3199 812 3263 48,
825 3200 849 3250 2.
867 3197 916 3249 Der
928 3194 1151 3248 Verbalausdruck

67 3215 158 3319 llam
180 3264 234 3318 und
255 3264 297 3317 die
318 3264 426 3331 tibrigen
445 3265 515 3332 Zuge
539 3280 585 3318 aus
635 3264 741 3325 frustra
758 3283 813 3316 eece
828 3266 890 3331 (egl.
906 3265 972 3316 nach
988 3264 1033 3316 der
1045 3264 1151 3328 Etymo·

67 3333 204 3400 Iugurthae
232 3331 463 3399 Handlungsweise
498 3349 585 3386 waren
636 3333 705 3399 logie
715 3333 761 3385 des
770 3333 799 3385 D.
810 3328 847 3384 ‘iu
856 3333 897 3385 die
910 3327 1150 3396 Bruchegehen’l

121 3418 136 3453 z
162 3401 230 3454 nach
257 3400 358 3468 Scipios
385 3400 463 3466 sinn,
491 3401 584 3454 dessen
636 3401 672 3452 ist
690 3400 735 3453 der
753 3400 814 3454 Sall.
828 3400 942 3467 Spreche
960 3401 1151 3466 cigentdmlich‚

70 3417 180 3536 glrneme
191 3469 219 3522 iu
233 3468 279 3522 der
290 3469 414 3535 Disciplin
431 3469 525 3535 genade
542 3470 585 3521 bei
636 3469 688 3522 und
706 3484 775 3520 zuar
787 3470 836 3520 mit
852 3468 1007 3520 sichliehem
1021 3467 1092 3532 Subj.
1110 3473 1151 3521 ic-

70 3539 156 3591 dieser
166 3536 335 3604 Gelegenlteit
348 3553 400 3590 von
412 3537 498 3591 Livius
509 3538 586 3600 (nach
637 3541 741 3602 ceptum
758 3536 825 3588 noch
838 3539 880 3599 61,
894 3541 916 3588 1.
929 3538 971 3599 93,
985 3540 1012 3596 1;
1031 3539 1078 3587 mit
1094 3555 1152 3603 spes

69 3607 139 3674 Epit.
152 3609 196 3670 57)
213 3605 355 3659 besonders
373 3607 490 3658 erwilmt
508 3605 585 3666 wird;
638 3606 692 3657 Cat.
706 3607 748 3668 20,
760 3606 784 3656 2.
803 3603 844 3658 01.
856 3603 934 3656 Macri
948 3607 975 3665 83
994 3605 1041 3655 mit
1058 3605 1088 3656 id
1098 3605 1151 3671 lug.

70 3691 90 3728 S.
109 3691 143 3728 zu
160 3675 269 3740 lng.69‚
282 3676 307 3726 4.
639 3676 680 3734 11,
698 3676 727 3736 5,
745 3673 793 3724 mit
810 3689 841 3722 ea
858 3689 902 3723 ree
919 3676 967 3737 ta,
985 3675 1014 3734 ‘13
1032 3673 1079 3724 mit
1093 3691 1153 3739 pam

105 3748 130 3797 5.
143 3746 173 3794 in
184 3745 294 3808 primis:
307 3757 373 3808 ganz
385 3741 513 3807 singuline
528 3740 587 3792 Ver·
641 3742 698 3806 112,
709 3743 739 3800 2;
751 3741 797 3792 mit
808 3742 921 3807 personl.
931 3740 1004 3805 Subj.
1017 3757 1064 3794 nur
1077 3745 1120 3803 85,
1129 3745 1154 3792 6,

69 3811 198 3878 starkung
219 3811 265 3863 des
289 3809 436 3877 Superlativ
462 3838 496 3848 —
518 3802 587 3862 ‘eine
675 3812 700 3863 i.
718 3814 777 3878 quis
795 3811 890 3863 celus.
906 3817 986 3864 sonst
1001 3809 1174 3875 tofi-mm·
