2498 4260
330 153 373 206 DE
391 153 493 208 BELLO
510 153 665 207 trevere.
700 154 726 206 d.
740 156 849 208 61)-62.
1076 154 1136 211 175

58 326 193 400 urbibus,
214 345 288 405 quae
303 328 339 388 ad
354 346 386 388 se
401 327 573 388 defecerant
587 327 715 405 satisque
731 327 862 388 munitae
878 325 943 387 loco
958 336 1009 387 aut
1024 328 1137 388 moeni-

58 412 116 474 bus
132 420 226 486 erant,
249 412 394 492 praesidia
409 412 542 492 inponit;
566 420 697 473 ceterum
720 412 881 472 exercitum
898 413 928 471 in
945 413 1138 492 provinciam,
1160 425 1175 474 2

59 516 136 579 quae
151 516 295 576 proxuma
311 506 355 559 est
369 497 533 572 Numidiae,
549 497 698 558 hiemandi
713 497 806 576 gratia
824 498 967 558 conlocat.

144 581 248 661 Neque
263 583 292 643 id
307 592 423 662 tempus
439 602 474 644 ex
496 583 622 644 aliorum
637 601 718 643 more
737 582 828 661 quieti
851 592 901 644 aut
916 582 1049 643 luxuriae
1065 602 1137 644 con·
1160 595 1174 644 3

57 668 144 743 cedit,
161 668 224 742 sed,
239 668 378 747 quoniam
394 668 483 730 armis
498 667 606 729 bellum
619 686 723 747 parum
736 667 925 747 procedebat,
941 667 1059 729 insidias
1074 669 1136 748 regi

57 773 113 833 per
129 753 240 814 amicos
254 753 377 814 tendere
393 762 539 814 eteorum
557 753 678 832 pertidia
691 772 745 832 pro
762 754 851 815 armis
866 754 907 815 uti
924 762 1016 833 parat.
1048 753 1138 833 igitur
1158 766 1174 816 4

57 839 268 911 Bomilcarem,
292 839 341 916 qui
364 838 475 899 Romae
502 857 569 899 eum
593 838 733 918 Iugurtha
756 840 852 900 luerat
874 846 904 899 et
925 839 993 899 inde
1016 838 1137 900 vadibus

57 924 133 985 datis
148 923 185 984 de
201 923 340 984 Massivae
357 942 430 986 nece
446 923 587 984 iudicium
609 924 733 1003 fugerat,
756 924 836 1002 quod
853 924 879 984 ei
901 941 956 1002 per
970 942 1136 985 maxumam

58 1009 216 1070 amicitiam
239 1027 374 1069 maxuma
397 1011 480 1088 copia
503 1009 625 1069 fallundi
648 1019 724 1082 erat,
753 1009 852 1070 multis
875 1009 1137 1088 pollicitationibus

58 1094 239 1172 aggreditur.
261 1111 295 1155 ao
311 1093 407 1173 primo
420 1094 519 1165 elficit,
536 1095 578 1154 uti
591 1095 625 1155 ad
638 1113 670 1155 se
682 1094 883 1172 conloquendi
898 1095 990 1172 gratia
1003 1096 1137 1157 occultus
1159 1105 1173 1155 5

58 1180 172 1255 veniat3
194 1179 300 1240 deinde
322 1179 380 1239 fide
402 1180 483 1252 data,
506 1179 530 1240 si
546 1179 719 1257 Iugurtham
734 1179 831 1240 vivum
854 1192 905 1240 aut
929 1191 1062 1240 necatum
1080 1181 1135 1242 sibi

57 1264 239 1338 tradidisset,
262 1265 326 1325 fore
342 1273 375 1324 ut
396 1264 436 1325 illi
451 1273 572 1326 senatus
594 1264 792 1343 inpunitatem
816 1274 846 1325 et
866 1282 918 1326 sua
941 1266 1039 1327 omnia
1062 1285 1136 1326 con-

58 1351 187 1423 cederet,
210 1350 294 1411 lacile
309 1349 452 1411 Numidae
467 1349 635 1428 persuadet,
658 1367 725 1410 cum
741 1349 862 1428 ingenio
879 1350 970 1410 infido
994 1359 1057 1412 tum
1073 1368 1135 1410 me-

58 1436 154 1497 tuenti
170 1453 224 1508 ne,
247 1435 272 1496 si
287 1453 344 1514 pax
360 1453 426 1496 cum
442 1435 583 1497 Romanis
605 1436 705 1507 fieret,
729 1435 792 1513 ipse
815 1454 869 1515 per
892 1436 1084 1497 condiciones
1099 1436 1134 1496 ad

58 1521 237 1601 supplicium
251 1520 425 1581 traderetur.
454 1520 489 1594 is,
513 1520 562 1581 ubi
578 1520 706 1599 primum
723 1528 926 1599 opportunum
941 1521 1005 1595 luit,
1029 1521 1133 1600 lugur-
1150 1523 1186 1578 62

58 1607 136 1667 tham
153 1606 273 1666 anxium
289 1624 322 1666 ao
337 1605 524 1667 miserantem
549 1607 683 1667 lortunas
697 1623 765 1667 suas
781 1606 907 1681 accedit;
931 1616 1032 1668 monet
1047 1616 1135 1685 atque

57 1692 226 1753 lacrumans
238 1690 408 1763 obtestatur,
425 1691 468 1751 uti
480 1691 637 1770 aliquando
650 1691 706 1752 sibi
721 1690 882 1769 liberisque
895 1700 924 1752 et
938 1692 1020 1771 genti
1034 1692 1135 1753 Numi-

57 1779 163 1838 darum
179 1784 299 1856 optume
315 1776 436 1837 meritae
458 1776 623 1855 provideat:
647 1775 785 1836 omnihus
808 1776 929 1855 proeliis
951 1795 1015 1838 sese
1032 1778 1134 1851 victos,

56 1881 159 1943 agrum
176 1870 328 1936 vastatum,
343 1861 452 1922 multos
464 1862 597 1923 mortalis
612 1871 714 1941 captos
727 1860 849 1930 occisos,
865 1861 950 1940 regni
966 1881 1037 1941 opes
1052 1881 1134 1923 com·

56 1948 186 2009 minutas
205 1965 285 2022 esse;
306 1946 376 2008 satis
397 1965 485 2026 saepe
507 1948 610 2008 iamet
632 1947 767 2008 virtutem
784 1946 909 2007 militum
932 1955 962 2007 et
983 1949 1133 2010 fortunam

55 2040 244 2112 temptatam
259 2041 366 2106 caveat,
383 2051 421 2092 ne
435 2032 485 2092 illo
503 2040 662 2093 cunctante
674 2032 816 2093 Numidae
828 2031 884 2093 sibi
901 2034 1067 2095 cousulant.
1089 2034 1135 2096 his
1157 2045 1171 2096 2

55 2127 146 2198 atque
159 2115 266 2178 talibus
278 2116 341 2178 aliis
353 2118 387 2178 ad
401 2117 581 2178 deditionem
593 2118 672 2196 regis
683 2117 813 2178 animum
830 2118 954 2197 inpellit.
977 2120 1135 2181 mittuntur
1155 2131 1170 2181 3

54 2204 91 2264 ad
100 2204 311 2282 imperatorem
323 2201 419 2282 legati,
435 2203 486 2280 qui
496 2203 669 2280 Iugurtham
681 2203 822 2282 imperata
838 2204 985 2265 facturum
1001 2206 1135 2267 dicerent

53 2308 88 2350 ao
101 2289 169 2349 sine
180 2287 238 2348 ulla
253 2287 390 2366 pactione
402 2306 465 2348 sese
476 2306 663 2366 regnumque
675 2306 761 2349 suum
775 2289 804 2348 in
817 2289 895 2350 illius
907 2290 994 2351 fidem
1006 2292 1132 2352 tradere.

52 2372 193 2434 Metellus
215 2390 343 2452 propere
365 2382 490 2434 cunctos
512 2373 653 2434 senatorii
677 2373 789 2434 ordinis
811 2393 847 2434 ex
869 2374 1002 2436 hibernis
1025 2376 1133 2438 arcessi
1155 2385 1170 2434 t

36 2537 39 2545 '
87 2543 119 2590 in
137 2541 175 2589 eis
192 2541 506 2605 urbibus...inporuit:
525 2539 568 2591 da·
620 2540 655 2591 ist
679 2540 771 2606 gerade
794 2541 835 2592 die
860 2541 1031 2607 gegenteilige
1049 2540 1133 2593 Ruell-

50 2606 568 2678 33331432113331311311.3131113111
620 2609 687 2661 sielrt
711 2609 878 2672 matsgebend
904 2609 942 2659 als
969 2609 1065 2659 soeben
1092 2610 1133 2660 bei

49 2677 98 2728 der
112 2675 214 2730 Konslr.
227 2676 335 2742 bedingt
350 2675 394 2728 der
405 2675 568 2728 Zusemmen-
620 2679 763 2741 inponere:
784 2675 844 2729 lllet.
858 2676 956 2727 kommt
969 2681 1021 2727 erst
1033 2676 1062 2726 in
1082 2677 1133 2728 die

49 2746 136 2810 hang:
161 2742 222 2796 lllet.
241 2745 346 2795 verlisst
367 2744 412 2796 des
430 2744 568 2796 leiudliclre
620 2744 737 2795 Provinz.
997 2760 1000 2772 ¹

49 2811 125 2865 Laud
152 2812 205 2864 und
229 2813 322 2865 versnh
344 2811 386 2865 die
410 2811 499 2864 stante
521 2816 568 2864 mit
654 2817 677 2866 3.
701 2813 731 2863 to
757 2816 870 2876 tempos:
898 2809 997 2863 Winter
1022 2813 1132 2880 etatem

48 2881 249 2946 Besatzungen‚
274 2880 315 2933 die
339 2896 366 2932 er
388 2879 502 2933 daselbst
525 2897 568 2932 zu·
621 2880 761 2947 (10911081.

49 2948 192 3007 1331111313
210 2949 263 3015 vgl.
283 2948 337 3002 Liv.
350 2951 392 3014 31,
412 2950 452 3013 18,
471 2951 486 3002 8
504 2950 565 3000 Pli—
650 2952 674 3000 4.
693 2949 724 2999 de
735 2947 869 2998 Massivae
884 2964 959 2999 neae:
979 2948 1132 3013 3311611113-

50 3019 145 3083 lippus
157 3019 273 3082 inposita
285 3018 376 3084 Abydi
385 3017 522 3084 praesidio
535 3019 565 3068 in
616 3017 746 3069 mittelbar
763 3032 795 3067 nn
818 3016 963 3078 iudicium
987 3032 1032 3068 zur
1050 3015 1132 3068 Sache

49 3099 170 3151 regnum
188 3085 279 3136 rediit.
617 3086 680 3152 llap.
700 3087 741 3137 35.

85 3154 124 3205 ad
153 3152 372 3215 sedefeoerant:
403 3153 449 3204 das
478 3153 565 3205 reflex.
652 3160 675 3208 5.
711 3169 770 3204 eum
796 3155 905 3218 ingenio
928 3152 1013 3214 infido
1032 3160 1080 3204 etc.
1098 3176 1131 3195 =

49 3221 129 3273 Pron.
149 3222 175 3273 in
193 3222 277 3274 einem
289 3221 505 3274 indiltativisclren
517 3220 566 3272 Ne·
619 3225 666 3289 qui
683 3238 743 3273 oum
760 3223 871 3286 ingenio
894 3221 978 3283 infido
999 3227 1059 3272 erat
1077 3225 1132 3271 tum

49 3291 176 3343 bensetze
194 3291 241 3342 mit
259 3290 373 3356 eigenem
386 3288 505 3355 Subjelrt,
519 3289 567 3341 wie
617 3293 758 3344 oeetuebot.

51 3362 95 3421 66,
111 3362 122 3410 1
131 3378 139 3420 ;
154 3360 195 3424 88,
208 3362 237 3416 4;
251 3360 307 3421 tot,
321 3360 346 3413 2.
648 3376 699 3424 per
718 3359 899 3411 condiciones:
920 3374 951 3410 zu
970 3358 1022 3410 Cat.
1037 3360 1077 3422 51,
1091 3360 1130 3410 36.

86 3431 111 3481 2.
130 3429 161 3477 in
177 3429 347 3492 provinciam
364 3451 398 3472 =
412 3429 442 3476 in
457 3430 567 3492 provin·
653 3427 701 3482 62.
715 3429 738 3480 3.
750 3425 906 3488 foetorum.
921 3427 1074 3478 ..trader-e:
1087 3425 1133 3477 be-

50 3499 110 3547 rtae
128 3511 188 3546 eom
203 3500 319 3561 partem,
343 3511 412 3561 quae
429 3501 490 3552 etc.;
515 3493 566 3559 vgl.
618 3496 692 3547 aohte
715 3495 763 3545 den
787 3493 907 3546 Weehsel
931 3494 975 3546 der
993 3494 1080 3546 Zeiten
1105 3494 1131 3545 in

49 3564 99 3630 Ep.
109 3562 200 3628 Pomp.
211 3567 226 3616 3
238 3580 263 3617 u.
275 3563 325 3616 Gic.
337 3579 362 3630 p.
371 3561 427 3614 lllil.
440 3565 463 3626 3,
478 3565 491 3614 'l
505 3566 567 3612 onte
618 3563 667 3615 den
691 3561 836 3614 lnfinltlven
861 3561 957 3627 gemitis
981 3562 1026 3613 der
1047 3565 1130 3613 nattu-

50 3633 566 3699 quamadenmorott‘onemoenio,quas
618 3631 701 3682 liclren
720 3630 800 3695 Folge
820 3628 863 3681 der
882 3628 1057 3697 Handlungen.

50 3705 91 3751 est
105 3704 222 3766 propria
240 3704 342 3751 vostrae
360 3701 530 3765 quaestionis.
650 3698 775 3749 sincello
789 3701 929 3761 portione:
948 3697 1034 3751 ludher
1045 3701 1076 3764 (s.
1090 3702 1131 3765 46,

86 3773 115 3819 in
128 3769 299 3834 prouinciam
312 3807 317 3820 .
330 3805 337 3819 .
350 3804 357 3818 .
371 3768 505 3818 conmorit:
525 3765 565 3817 1111
618 3769 646 3827 31
666 3769 706 3831 ll,
725 3768 750 3833 3)
768 3765 840 3818 hatte
858 3781 885 3817 er
903 3766 957 3818 sicli
980 3768 1070 3820 immer
1087 3782 1131 3834 ge-

49 3838 93 3890 die
113 3836 240 3889 seltenere
253 3835 355 3889 llonstr.
368 3835 414 3887 mit
432 3835 490 3887 dem
503 3834 564 3886 Aeo.
618 3836 694 3887 wisse
712 3834 792 3900 llinge
812 3835 1003 3901 ausbednngen.
