2498 4276
132 110 173 168 92
507 111 534 165 (l.
553 110 709 164 snuuvsul
727 109 829 164 CRISPl

132 283 210 364 quod
226 283 395 345 Tullianum
412 284 583 363 adpellatur,
601 283 651 344 ubi
666 284 817 363 paululum
833 283 1024 346 adscenderis
1038 285 1076 346 ad
1093 286 1208 362 laevam,

94 381 109 429 4
131 359 249 429 circiler
263 366 439 465 duodecipm
455 371 546 447 pedes
556 369 639 429 humi
655 369 822 448 depressus.
846 387 914 430 eum
925 369 1069 431 muniunt
1081 371 1208 451 undique

131 455 258 533 parietes
272 463 361 533 atque
377 472 500 534 1nsuper
516 472 630 515 camera
646 454 768 533 lapideis
783 453 947 515 fornicibus
963 455 1087 531 iuncta;
1101 457 1154 518 sed
1168 458 1208 519 in·

93 549 108 598 5
130 539 213 600 cultu
228 539 361 600 tenebris
376 541 467 600 odore
479 539 564 600 foeda
576 548 665 618 atque
679 539 819 601 terribilis
830 540 893 600 eius
906 540 994 601 iacies
1010 549 1066 602 est.
1098 541 1130 603 in
1147 560 1208 604 eun

130 624 229 687 locum
249 633 404 704 postquam
428 624 571 686 demissus
593 636 638 686 est
653 624 813 698 Lentulus,
835 624 966 686 vindices
981 643 1087 687 rerum
1103 628 1207 708 capita·

93 720 108 769 6
128 709 210 778 lium,
223 708 331 788 quibus
343 720 535 790 praeceptum
547 718 617 784 erat,
630 710 735 789 laqueo
747 711 845 790 gulam
857 710 982 788 fregere.
1006 711 1047 772 ita
1058 711 1111 773 ille
1122 713 1207 792 patri·

130 796 193 856 eius
208 813 244 855 ex
259 805 347 873 gente
370 795 539 856 clarissuma
556 794 777 869 Corneliorum,
800 796 851 875 qui
874 794 1031 857 consulare
1052 797 1207 878 imperium

129 879 241 941 Romae
263 879 422 953 habuerat,
449 881 570 960 dignum
596 881 728 942 moribus
754 881 896 959 lactisque
918 881 979 942 suis
1001 881 1118 944 exitum
1140 882 1208 945 ritae

130 965 251 1025 invenit.
287 967 323 1027 de
340 965 469 1044 Cethego
485 966 599 1026 Statilio
616 965 742 1027 Gabinio
758 965 897 1045 Caepario
915 966 1019 1027 eodem
1035 969 1128 1030 modo
1143 987 1207 1049 sup

129 1051 250 1130 plinium
266 1060 416 1131 sumptum
434 1061 487 1112 est.

77 1138 115 1195 bd
218 1136 293 1196 llum
310 1156 343 1197 ea
359 1137 470 1197 Romae
485 1144 645 1215 geruntur,
669 1135 791 1197 Catilina
806 1154 842 1196 ex
857 1137 938 1196 omni
953 1136 1055 1217 copia,
1079 1156 1169 1216 quam
1183 1148 1207 1200 et

130 1220 192 1299 ipse
208 1220 367 1282 adduxerat
389 1232 419 1282 et
434 1221 560 1282 Manlius
575 1220 733 1295 habuerat,
756 1222 827 1282 duas
844 1221 976 1299 legiones
991 1221 1139 1298 instituit,
1161 1242 1206 1285 co·

92 1313 107 1362 2
128 1306 223 1368 hortis
237 1325 292 1386 pro
310 1325 435 1368 numero
458 1307 583 1368 militum
599 1306 744 1386 complet3
768 1306 890 1380 deinde,
913 1316 946 1366 ut
961 1306 1091 1386 quisque
1106 1309 1206 1370 volun-

129 1392 223 1454 tarius
237 1401 287 1453 aut
303 1411 338 1453 ex
355 1392 444 1454 sociis
459 1393 489 1452 in
506 1400 600 1452 castra
615 1401 750 1467 venerat,
772 1392 933 1470 aequaliter
946 1391 1155 1469 distribuerat,
1176 1411 1206 1455 ac

129 1475 211 1538 brevi
234 1480 328 1557 spatio
351 1479 484 1557 legiones
508 1495 632 1538 numero
653 1477 809 1538 hominum
832 1477 1014 1556 expleverat,
1038 1497 1110 1540 cum
1125 1479 1204 1541 initio

90 1570 105 1619 0
129 1581 190 1623 000
207 1562 334 1643 amplius
356 1562 472 1624 duobus
495 1561 614 1624 milibus
636 1561 795 1624 habuisset.
832 1562 883 1623 sed
899 1562 1033 1623 exomni
1049 1564 1205 1644 copiacir·

129 1648 204 1709 citer
215 1667 283 1727 pars
294 1659 397 1729 quarta
409 1658 470 1711 erat
481 1648 656 1709 militaribus
667 1647 753 1709 armis
769 1647 928 1723 inst1·ucta;
944 1648 1044 1722 ceteri,
1061 1660 1096 1709 ut
1109 1666 1205 1730 quem·

130 1751 189 1812 que
200 1752 285 1795 casus
296 1742 467 1807 armaverat,
483 1752 586 1812 sparos
597 1742 648 1794 aut
659 1733 784 1805 lanceas,
800 1732 847 1793 alii
858 1742 1031 1812 praeacutas
1042 1734 1127 1797 sudis
1142 1752 1205 1815 por·

91 1829 106 1876 4
128 1819 239 1879 tabant.
266 1821 318 1880 sed
329 1830 486 1898 postquam
499 1819 647 1880 Antonius
659 1837 726 1878 cum
739 1818 871 1880 exercitu
885 1817 1070 1893 adventabat,
1086 1819 1205 1881 usuum

129 1921 184 1982 per
199 1905 308 1965 montis
324 1905 380 1965 iter
394 1906 506 1977 iacere,
529 1903 617 1963 modo
640 1903 675 1963 ad
695 1903 800 1964 urbem
816 1903 905 1964 modo
920 1905 950 1964 in
968 1902 1090 1964 Galbam
1107 1922 1206 1967 vorsus

129 1997 224 2049 eastra
239 2006 372 2062 movere,
394 1987 530 2049 hostibus
544 1988 731 2049 occasionem
751 1989 904 2068 pugnandi
920 2007 981 2049 non
998 1989 1084 2050 dare:
1108 2006 1205 2071 spera·

163 2152 281 2204 uindices
308 2171 360 2206 rer.
390 2170 464 2218 eam:
487 2154 584 2221 Appos.
612 2169 642 2205 zu
696 2155 765 2221 gion,
783 2155 833 2208 wie
852 2154 931 2208 schou
955 2156 1073 2221 legiones
1090 2158 1206 2209 instituit

128 2221 185 2274 dem
196 2220 644 2288 SubJeklsatzquihuspraeceptnm
694 2223 854 2289 bezeichuei,
872 2223 958 2276 stellte
971 2224 1032 2275 aber
1044 2224 1071 2277 iu
1084 2224 1149 2290 jede
1160 2224 1206 2277 llo·

128 2294 197 2354 0001,
227 2290 316 2340 uomit
343 2290 384 2342 die
402 2290 469 2342 ohan
496 2295 643 2354 genannten
695 2291 768 2344 horte
785 2307 833 2343 nur
851 2291 934 2344 soriel
951 2290 1042 2355 111000,
1064 2292 1103 2345 als
1122 2307 1152 2346 es
1168 2292 1205 2345 die

128 2359 238 2410 tresviri
250 2357 331 2410 selbst
349 2359 463 2425 gemeint
475 2357 532 2410 sind
545 2385 577 2395 -
594 2359 642 2409 mit
694 2359 858 2411 vorhandeue
875 2359 939 2411 Zahl
961 2360 1064 2425 zuliels,
1089 2361 1148 2414 also
1165 2377 1205 2415 sn·

126 2425 287 2493 Auspielung
305 2427 351 2478 aul
367 2426 408 2480 die
427 2425 641 2479 Gesetzeslormel
693 2427 768 2494 langs
786 2428 827 2480 hei
841 2430 908 2481 2000
921 2426 1078 2480 1110000100
1092 2428 1203 2483 100111.

126 2496 188 2561 (Cic.
207 2494 239 2547 de
257 2495 308 2562 leg.
327 2497 351 2559 3,
370 2498 396 2562 6)
419 2498 535 2547 minores
555 2499 641 2559 magi-
692 2495 742 2546 deu
772 2495 891 2548 sechsten
918 2495 975 2548 'leil
1004 2496 1048 2549 der
1076 2496 1204 2551 normaleu

127 2570 230 2617 stralus
247 2564 367 2628 (dardher
384 2565 510 2629 00301)
527 2600 533 2614 .
553 2602 559 2614 .
578 2579 643 2614 .ca-
694 2561 794 2617 stirne.
831 2562 876 2616 Bai
899 2563 944 2616 der
967 2564 1091 2617 weiteren
1113 2564 1204 2633 Ergin-

122 2633 225 2700 pitalia
241 2635 398 2686 vindicante
416 2654 462 2685 -ε
477 2625 528 2684 ‘als
543 2629 642 2684 Richer
693 2646 761 2697 zung
779 2631 910 2684 hehielten
927 2632 968 2684 die
982 2631 1115 2686 llohorten
1133 2638 1205 2687 unte

127 2703 153 2753 in
177 2701 437 2768 hochnotpeinllohen
462 2701 561 2767 Diogen
589 2700 642 2751 die·
692 2700 747 2751 sich
765 2699 866 2765 gleiche
884 2699 984 2752 Stirhe.

123 2770 238 2834 jenigen,
257 2769 332 2820 deren
353 2770 413 2821 hort
430 2785 457 2821 es
476 2762 545 2822 wsr'.
726 2771 750 2820 2.
768 2771 860 2819 sociis:
877 2769 988 2821 nimlich
1000 2771 1203 2832 coniurationis,

158 2837 253 2901 gulam
270 2835 389 2902 fregere:
410 2837 508 2889 Sallust
530 2836 639 2889 vermei·
691 2836 742 2887 wie
760 2836 777 2902 §
796 2840 824 2898 43
844 2836 936 2889 damus
954 2837 1050 2889 erhlirt
1068 2837 1125 2890 sich
1143 2836 1203 2892 auch

127 2904 171 2956 det
183 2903 259 2968 (auch
272 2905 384 2956 nacbher
396 2906 558 2971 supplicium
570 2920 640 2955 sum-
690 2906 868 2957 voluntarius.

125 2976 210 3039 ptum)
223 2971 272 3023 den
285 2971 426 3024 stehendeu
435 2972 571 3024 Ansdrucls
584 2988 639 3023 eer-
725 2973 914 3024 distribuerat:
933 2987 1024 3039 wegen
1037 2970 1203 3042 des'lempm

126 3045 196 3093 vices
212 3037 248 3101 fr.
267 3041 343 3105 (gula
361 3040 465 3106 eigentl.
484 3040 526 3093 die
538 3040 641 3107 Speise-
692 3056 721 3092 zu
741 3044 819 3106 24,1.

126 3110 211 3175 rdhre)
230 3107 292 3160 oder
315 3123 361 3174 gar
384 3107 429 3159 das
448 3107 640 3160 1000000000-
725 3124 851 3160 numero:
871 3101 1203 3176 betout‚‘weulgstensd‹s

124 3180 230 3244 gulare,
249 3176 580 3242 womitgehissigerweise
599 3175 640 3228 die
692 3175 753 3227 Zahl
776 3172 863 3237 nach’;
897 3177 941 3229 der
966 3177 1111 3243 Gegensala
1138 3177 1201 3245 tolet
1245 3188 1248 3193 '

126 3247 226 3313 Geguer
236 3245 337 3297 Ciceros
347 3244 519 3310 gelegentlich
530 3243 570 3295 die
580 3243 639 3294 llin-
692 3245 739 3295 rnlt
755 3245 803 3295 sed
818 3274 852 3285 -
869 3247 1011 3297 instructa.

125 3317 245 3381 riehtung
257 3312 456 3381 qualillzierten;
475 3311 575 3364 lreilich
587 3327 640 3363 wer
725 3314 749 3365 3.
769 3314 819 3364 alii
836 3318 897 3365 etc:
915 3309 1010 3379 ‘einige
1028 3315 1093 3366 auch
1111 3310 1176 3369 nur'.

126 3385 167 3436 die
186 3383 263 3435 Wahl
282 3382 326 3435 der
338 3381 464 3434 'lodesart
481 3380 526 3432 der
540 3378 640 3432 1100100-
725 3383 750 3432 4.
766 3386 907 3446 postquam
922 3419 948 3433 ..
964 3383 1157 3436 adventabat:
1172 3398 1202 3437 00

125 3455 179 3504 live
197 3452 347 3505 uberlassen
366 3450 510 3516 gehlieben.
693 3451 718 3513 6,
736 3449 760 3511 3,
777 3463 842 3514 ganz
862 3464 891 3502 so
909 3450 961 3515 lug.
976 3452 1016 3513 28,
1035 3453 1064 3511 2;
1083 3452 1132 3504 mit
1149 3451 1203 3505 den

159 3521 207 3576 56.
222 3523 245 3573 1.
259 3521 326 3571 duas
336 3521 463 3585 legiones:
477 3517 542 3571 zuei
553 3516 642 3584 Legio·
692 3514 765 3580 Subj.
783 3516 839 3567 dies
850 3516 903 3584 lug.
917 3519 958 3582 36,
976 3520 1006 3578 4;
1025 3520 1072 3570 mit
1089 3523 1137 3572 ubi
1153 3521 1203 3588 lug.
1245 3526 1248 3589 l

125 3603 174 3640 nen
188 3585 640 3649 100010000001οΚοο001;010010
692 3580 1204 3656 09,1;00υο000001101101’100000000,
1245 3592 1248 3659 l

125 3656 226 3708 solcher
244 3657 333 3709 wollle
351 3657 458 3709 Catilina
477 3655 612 3709 aultreteu.
692 3652 726 3704 im
740 3653 896 3706 hnmarsche
914 3650 990 3706 sein’:
1008 3654 1088 3708 daher
1106 3656 1203 3711 uberell
1246 3664 1248 3675 '

160 3726 279 3776 cohortis
291 3729 355 3779 eto:
369 3740 396 3779 er
408 3725 505 3777 bildete
516 3724 559 3777 die
570 3721 641 3775 nolle
693 3718 738 3773 das
749 3719 850 3787 lmperl.
863 3719 898 3774 So
911 3723 976 3775 auch
988 3721 1041 3789 lug.
1052 3726 1094 3789 53,
1109 3729 1122 3778 7
1132 3729 1204 3793 post·
1246 3754 1248 3789 ;

125 3791 187 3846 zahl
206 3806 257 3842 ron
272 3794 303 3845 10
315 3791 447 3846 llohorten
459 3792 505 3845 001
520 3792 579 3845 0100
593 3789 641 3845 le·
692 3804 774 3857 000000
790 3789 866 3841 haud
876 3791 977 3856 proeni
988 3795 1059 3844 inter
1072 3810 1100 3843 so
1119 3797 1204 3848 00001.

343 3946 620 3983 ω
1241 3864 1248 4163 t
