2498 4276
115 111 175 169 218

494 113 520 168 G.
539 112 696 166 SALLVSTI
713 113 817 167 celse!

75 295 89 344 3
113 285 154 346 uti
176 305 261 366 reges
282 294 512 365 praeceperant,
535 297 654 346 noctem
672 305 727 366 pre
743 306 774 348 se
789 289 845 349 rati
860 290 958 352 acrius
973 291 1102 353 instare.
1134 302 1191 354 tum

114 371 222 433 Marius
238 392 272 433 ex
288 372 372 450 copia
388 388 487 430 rerum
504 371 660 432 consilium
676 373 765 432 trahit
781 383 879 452 atque,
902 376 946 436 uti
970 376 1036 439 suis
1059 383 1192 458 receptui

112 456 196 519 locus
211 467 303 529 esset,
320 456 403 517 cellis
418 457 492 517 duos
506 457 692 536 propinquos
707 458 786 519 inter
800 478 832 520 se
847 470 989 540 occupat,
1015 481 1150 542 quorum
1163 467 1191 528 in

112 559 191 618 unc,
214 543 316 604 castris
338 559 443 621 parum
462 542 576 620 ample,
600 542 668 603 fons
683 561 776 621 aquae
791 562 917 625 magnus
932 558 1013 623 erat,
1038 550 1116 612 alter
1130 553 1191 614 usui

113 638 316 708 opportunus,
340 627 407 704 quia
430 645 535 706 magna
557 637 642 707 parde
664 629 760 690 editus
775 638 804 690 ei
819 649 963 710 praeceps
981 652 1081 712 pauca
1097 638 1190 699 muni·

76 721 212 776 eruenta
234 712 403 792 quaerebat.
436 721 567 774 ceterum
590 711 667 791 apud
689 733 795 792 aquam
817 714 926 777 Sullam
950 737 1022 779 curn
1046 722 1191 800 equitibus

116 809 231 862 noctem
248 799 356 877 agitare
372 795 469 869 iubei3
492 798 555 876 ipse
570 797 708 877 paulatim
724 798 872 879 dispersos
882 802 1000 879 milites,
1024 825 1128 886 neque
1143 809 1191 869 nri·

115 905 171 945 nus
186 884 320 945 hostibus
334 883 528 955 conturbatis,
544 883 574 942 in
592 902 686 943 unum
701 886 857 959 contrabit,
873 887 941 948 dein
959 900 1092 954 cunctos
1107 894 1190 972 pleno
1226 946 1228 959 .

76 974 90 1021 5
114 969 206 1051 gradu
221 969 250 1029 in
268 968 372 1028 collem
389 966 536 1029 subducit.
565 968 605 1028 ita
619 987 705 1047 reges
716 970 774 1030 loci
785 970 957 1034 difficultate
969 978 1071 1037 coacti
1084 979 1189 1056 proelio
1226 964 1228 971 ¹

114 1059 319 1127 decernentem
344 1072 440 1131 neque
459 1063 556 1114 tamen
574 1073 644 1114 suns
666 1056 785 1134 longius
800 1055 882 1118 abire
897 1059 1012 1134 sinunt,
1037 1063 1092 1123 sed
1116 1073 1188 1126 utro·

77 1143 92 1190 6
115 1160 172 1221 que
188 1139 262 1200 celle
278 1138 465 1199 multitudine
480 1139 662 1200 circumdato
679 1141 764 1202 effusi
782 1143 953 1204 consedere.
987 1146 1060 1208 dein
1085 1148 1189 1211 crebris

115 1224 233 1306 ignibus
248 1224 330 1284 sactis
346 1224 522 1303 plerumque
538 1225 633 1286 noctis
648 1224 765 1286 barbari
781 1245 863 1288 mere
877 1247 931 1289 suo
955 1230 1077 1308 laetari,
1101 1234 1188 1296 exsul·

115 1323 192 1385 tare,
208 1321 340 1388 strepere
356 1309 492 1381 vocibus;
515 1318 544 1369 et
559 1310 615 1388 ipsi
630 1311 720 1372 duces
737 1312 866 1382 seroces,
883 1315 950 1391 quia
967 1334 1031 1376 non
1049 1320 1187 1398 fugerant,

77 1398 91 1445 1
114 1417 169 1478 pre
185 1395 345 1456 victoribus
360 1412 456 1472 agere.
486 1395 537 1455 sed
553 1413 587 1456 ea
603 1405 709 1456 cuncta
724 1395 866 1459 Romanis
881 1417 916 1459 ex
931 1401 1069 1464 tenebris
1092 1414 1122 1466 et
1135 1405 1187 1466 edi·

64 1476 102 1531 99
114 1480 240 1544 rioribus
263 1481 334 1541 locis
356 1479 449 1541 facilia
472 1479 535 1540 risu
558 1498 725 1559 magnoque
748 1483 933 1546 hortamento
957 1497 1057 1548 erant.
1094 1490 1187 1571 pluru-

115 1587 195 1629 mum
213 1584 280 1626 vero
295 1565 404 1626 Marius
419 1559 557 1644 inperitia
572 1566 698 1626 hostium
716 1569 907 1630 confirmatus
922 1589 1012 1649 quam
1024 1592 1186 1636 maxumum

115 1653 264 1715 silentium
277 1650 378 1711 baberi
391 1651 480 1724 iubet,
498 1670 535 1712 ne
551 1651 634 1728 signa
650 1652 778 1732 quidem,
794 1653 838 1714 uti
852 1674 907 1733 per
921 1656 1035 1735 vigilias
1051 1660 1185 1733 solebant,

114 1820 197 1872 bildei
220 1819 388 1871 thaisiichiicb
413 1817 462 1870 den
488 1819 627 1886 Hauptsatz

114 1906 146 1941 au
169 1889 226 1940 dem
250 1887 463 1954 vcrangehenden
483 1887 558 1940 Satze
582 1888 628 1939 mit

114 1962 177 2021 iam,
191 1957 236 2008 der
247 1956 424 2020 gleicbwertig
434 1957 517 2008 einern
528 1955 629 2008 Neben·

115 2031 185 2077 setze
221 2023 266 2076 des
295 2025 519 2090 gegensdtzlicben
550 2023 629 2076 Grun-

116 2095 160 2146 des
178 2095 220 2144 isi.

149 2164 173 2213 3.
192 2177 227 2210 eac
245 2163 321 2224 copia
339 2177 458 2211 rerum..
478 2199 484 2210 .
503 2199 510 2213 .
530 2162 627 2211 trabit:

114 2229 167 2293 rgl.
186 2244 218 2278 zu
237 2230 304 2290 39,5
330 2226 382 2277 und
406 2244 436 2279 zu
460 2229 501 2290 84,
516 2232 542 2290 4;
566 2244 627 2279 corr·

114 2297 206 2347 silium
219 2297 306 2346 trabit
317 2294 379 2346 nurz
398 2295 439 2345 fiir
457 2296 522 2359 quid
533 2311 629 2360 capere

116 2365 211 2416 coresili
223 2365 308 2413 trabit
318 2363 475 2429 tandemque
485 2367 559 2428 eupit
567 2380 628 2415 con·

114 2435 205 2484 eddium
223 2437 302 2497 atque
320 2469 327 2482 .
346 2471 352 2484 .
372 2469 378 2483 .

150 2503 305 2568 quaerebat:
319 2499 365 2551 das
375 2499 487 2551 Verbum
500 2500 564 2552 wird
577 2501 627 2552 bis·

117 2573 209 2622 weilen
225 2570 274 2620 wie
286 2569 338 2621 bier
350 2570 416 2621 anch
428 2570 471 2620 bei
480 2569 627 2620 sacblicben

116 2639 259 2704 Subjekten
282 2639 308 2688 in
333 2637 377 2690 der
399 2637 551 2703 Bedeutung
577 2653 628 2689 ron

116 2712 266 2773 requireret
278 2708 431 2772 gebraucbt;
445 2708 497 2760 Lir.
513 2709 536 2769 4,
549 2710 588 2769 14,
598 2709 627 2758 2:

118 2794 217 2828 cunr...
228 2781 349 2839 ceperim
359 2777 532 2827 coneiliorum
541 2779 628 2841 regni,

117 2848 164 2910 qui
182 2845 319 2905 tumultus,
339 2845 412 2909 quod
428 2845 523 2895 bellum
535 2861 630 2911 repens

117 2919 166 2964 aut
191 2914 363 2963 dictatoriam
391 2916 556 2964 maiestatem
582 2918 631 2964 aut

118 2981 291 3044 Quinctium.
305 3018 311 3031 .
325 3020 331 3032 .
344 2985 475 3030 rectorem
491 2983 534 3030 rei
540 2982 630 3046 publi·

118 3065 164 3100 cae
181 3051 331 3115 quaesisset,
350 3051 509 3112 rogitarent.

153 3122 176 3170 4.
200 3133 285 3182 meque
310 3119 398 3165 minas
424 3119 541 3167 decadibus
568 3134 631 3168 eon·

119 3188 243 3236 turbatis:
258 3207 291 3226 =
306 3184 386 3248 idque
398 3200 452 3234 mon
468 3189 555 3235 minua
564 3188 589 3237 Ιι.
600 3202 630 3248 ra,

119 3257 144 3304 d.
160 3255 176 3305 i.
195 3259 275 3319 atque
297 3268 327 3301 ec
350 3249 463 3312 facilius
485 3257 632 3318 contraxit,

118 3322 191 3387 qaod
207 3337 259 3371 non
276 3322 365 3369 minare
382 3321 468 3370 hostes
479 3327 557 3371 crant
569 3339 630 3373 con·

118 3392 228 3441 turbati.
248 3387 304 3439 Wie
316 3388 362 3451 cit,
376 3388 433 3438 sind
452 3387 629 3452 Konjunktion

680 1818 849 1886 Hauptsataes
873 1823 988 1888 gegeben
1012 1827 1070 1877 sein
1088 1827 1185 1880 kdnnte:
1226 1854 1228 1865 ·

679 1903 764 1952 raeque
781 1891 870 1940 minuc
887 1893 973 1942 hostes
994 1900 1077 1946 erant
1092 1901 1186 1948 contre

681 1958 745 2007 dati.
781 1955 838 2021 Vgi.
861 1973 893 2009 zu
912 1966 938 2010 et
955 1963 1000 2026 85,
1019 1965 1044 2026 3,
1067 1979 1100 2014 zn
1118 1969 1186 2030 atquo

681 2025 721 2087 92,
734 2027 762 2082 4;
783 2028 839 2090 101,
853 2027 876 2078 2.
893 2031 930 2079 11.

711 2093 791 2156 pleno
810 2095 914 2158 gradu:
943 2096 1108 2150 techniseher
1132 2101 1187 2151 Ans·

680 2160 760 2210 druck
779 2161 818 2211 fiir
834 2156 1116 2220 ‘Gescbwindschritt‘.
1148 2166 1186 2219 Bai

680 2228 777 2279 diesem
796 2231 864 2293 iegte
882 2247 940 2282 man
959 2234 985 2283 in
999 2233 1059 2285 irini
1070 2235 1187 2288 Scmmer·

680 2296 789 2347 stunden
810 2299 843 2349 24
860 2303 922 2352 rdm.
941 2299 1049 2365 Meilen,
1072 2304 1098 2356 d.
1112 2306 1128 2361 i.
1144 2301 1187 2373 4³21

679 2378 766 2430 geogr.
778 2362 811 2416 Μ.
826 2367 930 2430 zurdclr,
943 2368 1060 2435 dagegen
1074 2373 1140 2424 bein
1151 2387 1188 2438 ge·

682 2433 845 2485 wdbniicben
856 2435 959 2501 sobriat,
973 2441 1092 2490 militari
1098 2441 1188 2507 gradm

680 2517 728 2552 nur
745 2503 777 2552 20
795 2505 858 2554 rdnr.
872 2503 903 2555 Μ.
922 2504 975 2556 di.
991 2510 1113 2575 4gecgr.
1126 2510 1156 2562 Μ.
1166 2509 1188 2559 in
1226 2550 1228 2557 .

680 2570 814 2621 desselben
827 2571 889 2623 Zeit.

713 2642 743 2687 in
762 2640 865 2691 collem:
889 2641 999 2692 namlicb
1018 2644 1066 2695 anf
1086 2644 1137 2696 den
1152 2659 1189 2696 an·

680 2706 761 2824 ῗιετιι,Ι
789 2723 839 2760 vnn
867 2707 938 2759 Sulla
965 2710 1037 2760 nicbt
1064 2711 1189 2766 beseizten

704 2789 770 2839 uge.

715 2846 738 2895 6.
762 2846 825 2908 quia
849 2859 903 2894 non
926 2841 1071 2909 fugerant:
1100 2848 1191 2901 entbdlt

681 2911 730 2962 den
751 2911 836 2963 Grund
858 2928 890 2963 zu
907 2911 965 2963 dein
983 2921 1121 2978 gesarnten
1140 2917 1192 2968 Pri·

682 2979 754 3031 dikat
765 2978 868 3041 seroces
883 2995 934 3044 pro
946 2983 1009 3033 vict.
1023 3000 1115 3048 agere,
1129 2985 1191 3038 nicht

682 3063 713 3097 zu
731 3046 833 3107 feroces
850 3048 934 3099 allein.

715 3115 763 3170 9⁹.
778 3122 800 3170 1.
811 3120 907 3181 signe.
921 3156 926 3167 .
940 3133 1067 3170 manere:
1082 3121 1138 3174 bier
1150 3121 1193 3172 wie

684 3184 737 3236 Cet.
756 3189 837 3248 59,1;
862 3185 945 3246 gleich
970 3187 1083 3240 nacbher
1103 3194 1138 3254 (a)
1155 3205 1193 3241 en·

684 3254 749 3304 ders¹
773 3253 822 3305 der
834 3251 945 3304 infiniriv
964 3270 1061 3306 canere
1078 3257 1116 3310 ist
1134 3257 1193 3310 noch

685 3334 735 3370 ven
752 3324 826 3372 iudet
843 3321 984 3386 abbaingig3
1003 3323 1058 3388 vgl.
1077 3327 1156 3391 91,2

713 3392 741 3440 a.
756 3405 808 3454 per
826 3390 956 3454 vigilias:
974 3390 1019 3441 des
1039 3391 1112 3445 Ende
1130 3396 1193 3446 einer

118 3458 169 3510 und
194 3458 320 3523 Negatinn
343 3457 369 3507 in
393 3455 453 3507 Eins
474 3471 632 3509 zusammen·
679 3455 758 3520 jeden
777 3457 886 3510 dernier
898 3457 1093 3512 Nachtwacben
1111 3461 1193 3514 wurde

119 3541 246 3592 gezogen,
276 3524 398 3576 waibrend
424 3524 495 3576 diese
525 3541 571 3576 nur
598 3541 631 3577 zu

117 3594 206 3645 Einem
218 3592 291 3646 Wcrt
303 3595 405 3660 gebert;
421 3594 474 3645 bier
487 3610 517 3645 zu
526 3597 631 3656 minue,-

114 3664 176 3726 jene
191 3662 264 3713 leiren
277 3662 331 3713 hier
343 3664 385 3726 (=
396 3657 458 3714 ‘und
471 3658 562 3728 awar’)
574 3663 630 3714 eine

118 3729 253 3780 verkr’rrme
277 3730 432 3782 Parentbese
454 3732 507 3794 ein,
531 3731 630 3783 welche

119 3799 183 3847 aucb
196 3798 222 3847 in
235 3798 279 3850 der
292 3798 365 3851 Form
378 3799 449 3850 eines
463 3798 629 3852 erkla'rrenden

683 3525 762 3576 durch
786 3528 827 3578 ein
852 3525 940 3591 Signal
963 3525 1008 3578 der
1030 3531 1131 3582 bucina
1155 3529 1193 3581 be·

683 3593 806 3659 zeicbnet,
824 3594 925 3645 worani
946 3594 987 3647 die
1004 3596 1142 3665 Abldsung
1160 3613 1193 3650 er·

682 3659 777 3726 selgae
810 3679 859 3728 per
888 3664 997 3727 vigilias
1033 3665 1114 3718 heissc
1143 3667 1193 3718 also

680 3724 865 3782 ‘Nacbtwache
875 3731 915 3783 idr
928 3728 1128 3800 Nacbtwacbe’‚
1146 3734 1192 3789 di.

676 3791 731 3848 ‘bei
745 3798 819 3862 jeder
836 3795 991 3866 Ablasung'.
