2498 4276
100 142 160 198 102
470 140 496 192 G.
514 139 670 193 SALLVSTI
687 139 790 195 CRISPl

106 324 181 375 tates
209 312 342 392 eorporis
369 330 488 391 pessum
511 312 595 374 datus
616 321 660 374 est
684 314 849 393 perniciosa
872 314 1006 376 lubidine
1030 317 1175 401 paulisper

105 417 193 473 usus,
215 397 266 459 ubi
288 415 342 477 per
356 397 520 458 socordiam
536 398 612 459 vires
626 407 744 477 tempus
762 399 916 479 ingenium
930 400 1105 476 diffluxere,
1128 420 1174 463 na·

106 494 188 545 turae
203 484 357 544 infirmitas
371 491 541 544 aoeusatur:
556 501 639 545 suam
652 484 776 562 quisque
791 485 907 565 eulpam
922 494 1062 548 auctores
1077 486 1114 548 ad
1128 506 1175 549 ne·

69 587 84 636 a
105 569 184 649 gotia
198 569 390 630 transferunt.
420 567 499 646 quod
515 567 539 629 si
554 568 724 630 hominibus
739 568 885 630 bonarum
897 588 998 630 rerum
1014 580 1098 633 tanta
1113 590 1176 634 eure

106 663 197 728 esset,
221 662 333 732 quanto
355 653 451 714 studio
473 653 567 713 aliena
590 672 624 714 ae
646 653 720 714 nihil
742 656 897 733 profutura
918 655 1073 735 multaque
1095 657 1177 720 etiam

106 739 271 819 periculosa
286 747 407 817 petunt,
423 756 521 816 neque
536 747 714 818 regerentur
729 739 821 818 magis
835 757 923 818 quam
939 753 1083 820 regerent
1097 760 1177 805 casua

106 834 136 885 et
150 843 185 885 eo
201 822 410 903 magnitudinis
422 823 628 902 procederent,
643 823 695 884 ubi
706 842 762 904 pro
774 825 946 887 mortalibus
956 826 1052 906 gloria
1068 828 1178 890 aeterni

66 920 85 976 2
105 911 218 970 fierent.
250 926 317 969 nam
332 908 376 968 uti
390 926 486 987 genus
499 908 653 970 hominum
669 911 865 989 compositum
881 930 917 971 ex
927 929 1057 991 corpore
1073 922 1104 974 et
1118 912 1177 974 ani·

105 1012 152 1054 ma
169 1003 221 1068 est,
237 994 276 1054 ita
291 1011 339 1054 res
354 1001 477 1054 cunctae
492 994 647 1073 studiaque
662 995 761 1054 omnia
776 1006 878 1056 nostra
893 998 1029 1075 eorporis
1044 998 1113 1072 alia,
1127 998 1179 1059 alie

68 1095 84 1145 2
106 1079 196 1140 animi
212 1088 346 1140 naturam
361 1088 512 1139 secuntur.
539 1079 628 1158 igitur
638 1078 788 1158 praeclara
800 1081 898 1155 latine,
914 1099 1039 1160 magnae
1054 1083 1178 1158 divitiae,

105 1164 140 1224 ad
155 1165 213 1225 hoe
227 1164 269 1224 vis
285 1163 418 1242 corporis
434 1172 463 1224 et
478 1163 532 1224 alia
548 1165 646 1225 omnia
661 1164 785 1226 huiusce
799 1166 879 1226 modi
893 1165 974 1227 brevi
991 1166 1177 1229 dilabuntur:

69 1264 83 1314 e
105 1257 134 1310 at
148 1249 250 1327 ingeni
263 1250 379 1328 egregia
391 1249 522 1310 facinora
533 1249 618 1309 sicuti
629 1250 727 1310 anima
742 1249 908 1311 inmortalia
920 1259 999 1312 sunt.
1026 1262 1178 1331 postremo

105 1334 239 1415 corporis
253 1343 283 1394 et
296 1335 432 1394 fortunae
447 1333 595 1395 bonorum
618 1344 652 1395 ut
666 1335 783 1396 initium
797 1336 839 1397 sio
854 1335 922 1397 linis
936 1345 997 1412 est,
1020 1339 1180 1419 omniaque

105 1499 614 1567 einandersetzuogwiederzugewinnem
700 1503 801 1554 alieno:
820 1495 959 1620 ἄλλότῗα,
977 1503 1024 1556 des
1041 1504 1113 1558 ihrer
1124 1505 1180 1559 liee-

104 1570 242 1638 moglichet
250 1570 302 1621 viel
312 1570 337 1620 in
348 1568 397 1621 den
406 1567 560 1622 Vordereetz
568 1571 616 1621 mit
666 1569 895 1636 eerenlgeietigen)
932 1570 1119 1640 eturFremde,
1130 1572 1179 1626 Un-

103 1641 146 1691 eia
164 1653 319 1702 zusammen,
337 1641 400 1689 etatt
417 1636 459 1689 die
477 1637 614 1690 Godanlren
665 1638 795 1704 geherige,
813 1636 1046 1706 Unangemessene.

104 1705 289 1771 ahzuwiolreln‚
308 1710 376 1758 etwa
399 1706 450 1757 wie
472 1705 550 1773 lolgt:
573 1709 616 1758 ein
699 1706 795 1758 melta:
811 1699 1179 1772 ‘violenlei‘‚etehtaledtlrlb.

104 1847 158 1895 sata
176 1858 207 1894 eu
226 1844 335 1893 virtutis
352 1844 408 1907 oio)
431 1843 467 1892 ad
487 1844 614 1893 inertiam
698 1847 868 1907 regerentur-„z
881 1842 1178 1913 nemlieheasiomagt

103 1917 130 1961 et
158 1911 307 1975 voluptates
334 1913 454 1975 eorporis
482 1910 616 1961 delebitm·
667 1909 721 1962 cat
733 1914 774 1974 51,
786 1911 828 1962 ³8.
845 1909 914 1963 Uber
925 1927 980 1964 non
997 1917 1179 1980 ηαςίεᾳιιαι

104 1979 256 2044 (Gegensatz
274 1993 306 2028 zu
324 1978 360 2027 ad
373 1977 492 2041 gloriam
507 1993 617 2042 graua-
667 1979 719 2044 vgl.
737 1994 770 2030 au
788 1978 841 2030 Cat
860 1981 885 2042 9,
905 1982 927 2031 1.

104 2049 172 2108 tur),
192 2060 297 2110 pereum
314 2045 396 2095 detur
413 2043 565 2111 (Gegensetr
584 2061 615 2096 au
700 2063 730 2098 eo
837 2048 894 2098 ubi:
922 2045 980 2100 dem
1007 2048 1178 2114 allgemeinen

102 2114 206 2181 pelleae
226 2117 373 2178 potensque
389 2117 449 2178 eetJ:
471 2115 511 2163 ita
528 2113 561 2175 fit
577 2118 616 2179 ut,
667 2113 1178 2184 Sprachgebranclrwiedemjenigendee

103 2183 150 2232 ubi
168 2218 175 2232 .
194 2219 200 2232 .
219 2220 225 2232 .
244 2178 398 2242 difflueere,
416 2184 564 2234 armaretur.
583 2210 615 2218 —
668 2180 729 2235 Sall.
742 2183 804 2248 (vgl.
816 2181 869 2249 lug.
882 2187 905 2246 5,
919 2186 949 2244 23
967 2183 1008 2236 Or.
1024 2185 1086 2251 Lep.
1100 2188 1117 2239 8
1133 2186 1178 2239 mit

103 2249 149 2301 Die
176 2247 265 2299 Worte
290 2250 442 2314 perniciora
468 2249 520 2301 tub.
541 2250 615 2314 pout.
667 2250 721 2302 Cet.
732 2254 773 2315 60,
784 2252 809 2313 2)
820 2252 888 2303 wire
898 2252 1116 2318 entepreehender
1127 2256 1179 2316 uta}

103 2333 166 2368 enee
184 2316 266 2382 geben
281 2332 322 2378 an,
340 2321 413 2368 unter
426 2315 541 2369 welchen
552 2316 614 2369 Um·
666 2318 767 2370 ihnlieh
790 2319 883 2371 einmal
904 2319 958 2372 Lir.
983 2322 1008 2386 2,
1029 2323 1073 2386 to,
1093 2329 1107 2378 1
1124 2336 1180 2375 ren

104 2382 214 2437 stdnden
236 2383 280 2436 das
301 2399 406 2451 pereum
429 2385 492 2436 dart
504 2385 614 2437 eintritt:
666 2390 829 2438 committere
846 2403 875 2439 eo
893 2389 948 2440 udi.

100 2449 614 2505 ‘undawarsohonnaeheinemlrnrzen
696 2471 748 2520 pro
774 2457 947 2507 mortalibus:
975 2457 1078 2509 vertritt
1105 2457 1179 2511 einen

104 2519 219 2573 Gennsse
237 2520 282 2572 der
299 2519 492 2574 verderbliehen
508 2515 589 2573 Lnet'.
665 2535 763 2588 genuen
784 2521 856 2574 Sata:
880 2526 928 2574 eti
949 2540 1004 2575 noa
1027 2527 1084 2576 iam
1111 2541 1179 2578 mor·

105 2588 616 2724 fattttlttuutttttttttt:
666 2591 734 2712 “lf
751 2607 790 2711 ⁰1⁸?
792 2591 994 2725 ‘titileia
1023 2660 1070 2712 art
1097 2660 1179 2714 ntu-

104 2725 262 2793 gedrdckten
273 2726 412 2779 Gedanken
430 2726 545 2793 knapper
562 2724 614 2778 und
665 2724 744 2778 druelr
756 2727 951 2792 vorangestellt
966 2743 996 2780 eo
1008 2726 1066 2780 dale
1077 2727 1121 2782 die
1133 2728 1180 2783 Be·

103 2795 268 2861 pregnanten
286 2809 334 2846 nur
351 2794 416 2846 wird
438 2795 492 2847 hier
509 2794 551 2847 die
569 2794 614 2845 ob·
665 2795 804 2861 etimmung
816 2796 863 2846 mit
874 2813 910 2846 ere
921 2795 960 2848 ele
972 2795 1029 2848 eine
1042 2797 1178 2863 naehtrig·

100 2862 200 2927 Jelrtive
210 2861 279 2914 Seite
292 2864 423 2927 (negotiaz
436 2862 477 2915 die
488 2862 615 2930 Antgabe
664 2863 731 2916 liche
754 2863 815 2915 aher
837 2864 884 2916 mit
906 2863 1076 2916 besonderem
1096 2864 1178 2918 Necle-

103 2931 180 2982 deren
201 2930 303 2996 Ldsnng
326 2929 371 2981 der
389 2928 493 2982 Meneclt
516 2931 614 2996 gemite
664 2930 746 2984 druek
779 2932 911 2998 gegebene
947 2932 1091 2984 ereelreint:
1127 2930 1179 2986 ‘der

103 2998 148 3050 der
171 3003 287 3049 naturae
309 2997 454 3059 infir-mitae
476 2999 546 3051 nieht
571 3013 615 3065 ge-
664 2998 770 3052 Menseh
793 3000 828 3052 iet
850 3001 892 3052 ein
910 2998 1114 3068 Doppelweeen,
1137 3002 1181 3055 loe·

103 3066 224 3118 wachsen
241 3066 298 3118 eein
314 3065 392 3130 will),
417 3064 475 3118 dort
495 3065 537 3118 die
554 3067 615 3119 eub·
665 3067 773 3121 etehend
790 3083 836 3120 ane
854 3105 861 3118 .
881 3105 887 3120 .
905 3061 930 3120 .'.

99 3134 201 3199 jektive
219 3132 289 3185 Seite
310 3135 375 3198 (nat.
399 3132 459 3197 inf.)
477 3133 612 3199 hervorge-
697 3142 834 3188 remeatur:
853 3136 880 3187 in
898 3135 970 3188 bildl.
989 3133 1053 3188 Sion
1069 3131 1178 3191 ‘richten

103 3201 197 3254 hohen.
224 3201 272 3253 Iler
285 3200 359 3252 Sion:
374 3200 449 3266 jeder
460 3202 560 3253 sehiebt
572 3202 613 3253 die
664 3203 719 3256 sich
731 3204 796 3256 nach
805 3240 813 3256 .
823 3241 830 3256 .
842 3199 867 3268 .’,
877 3197 964 3256 ‘fallen
975 3204 1002 3254 in
1010 3203 1062 3256 den
1071 3203 1179 3258 Bereieh

105 3269 216 3336 Sohuld,
239 3269 280 3321 die
302 3270 347 3321 ilrn
371 3269 409 3320 ale
432 3267 483 3320 den
499 3267 613 3321 Urheber
664 3271 709 3323 dee
733 3271 916 3338 Korperlielren
939 3271 1001 3324 oder
1023 3263 1178 3341 Geietigen’:

103 3338 179 3403 trifft,
201 3338 246 3391 aus
265 3354 317 3391 ron
340 3337 436 3389 seinenr
455 3336 549 3388 Willen
567 3352 613 3388 un·
664 3355 696 3390 zu
715 3339 767 3390 Cat.
786 3340 827 3401 52,
846 3343 887 3393 22.

103 3407 246 3473 ablingige
255 3405 389 3458 Falrtoren.
408 3405 469 3458 Zunr
480 3405 613 3457 Auedruelr
699 3406 900 3459 metabuntur:
909 3409 961 3476 vgl.
972 3406 1179 3472 l,4dit'tluoeere.

103 3474 269 3540 vgl.Liv.45‚
284 3477 377 3540 10,12:
396 3473 503 3540 eulpam
521 3476 549 3524 tn
567 3489 614 3525 are
699 3476 723 3527 3.
750 3480 898 3540 postremo:
932 3474 1180 3542 verallgemeinernd

104 3547 323 3604 claremontem,
335 3558 393 3594 zum
402 3542 542 3595 Gedenken
554 3541 613 3595 Sen.
665 3542 717 3595 und
740 3542 939 3608 abechlieleend,
966 3560 998 3596 zu
1022 3544 1077 3598 Cat.
1097 3548 1139 3611 14,
1156 3546 1179 3598 3.

104 3624 144 3674 ep.
159 3615 199 3676 19,
212 3616 236 3676 7,
249 3613 276 3664 8;
288 3612 358 3663 nette
369 3615 399 3662 in
410 3627 491 3663 cauea
503 3615 548 3676 est,
560 3627 615 3663 aon
665 3611 728 3663 Zunr
746 3610 886 3664 Godanlren
904 3613 956 3680 vgl.
972 3612 1089 3680 Xenoph.
1102 3615 1178 3681 Agee.

100 3693 179 3744 porse
188 3681 383 3745 praetenditur.
396 3680 477 3744 (Neeh
488 3679 615 3745 Eussner.)
667 3682 708 3744 11,
728 3682 772 3733 14:
790 3674 807 3746 ἡ
824 3681 877 3746 μὲν
893 3681 943 3732 τοῦ
961 3675 1085 3747 σώματος
1106 3678 1179 3747 texult

139 3748 163 3796 5.
177 3752 275 3812 quanto
288 3749 391 3800 studio:
404 3747 519 3800 lrurzlr'rr
531 3764 616 3816 quan-
664 3744 804 3816 γηράσκει,
827 3743 844 3812 ἡ
866 3743 897 3798 δὲ
918 3749 965 3813 τῆς
991 3748 1075 3813 ψυχῆς
1101 3749 1178 3819 ῥώμη

102 3817 161 3866 trem
178 3818 218 3865 eet
233 3816 353 3867 etodium
370 3830 423 3881 que
440 3819 489 3868 ete
668 3810 789 3884 ἀγαθῶν
810 3810 923 3887 ἀνδρῶν
940 3811 1074 3887 ἀγήρατός
1095 3819 1178 3870 ἐστιν.
