2498 4276
373 156 493 210 ouuulo
512 158 538 210 G.
557 157 676 210 uvuutl
694 158 832 214 COTTAE.
1075 160 1143 219 ,261

59 329 219 390 honestius
234 347 322 408 quam
337 336 393 410 pro
409 338 505 392 vostra
521 330 613 391 salute
630 331 719 390 tinem
735 331 811 391 vitae
825 332 956 392 fecerim.
987 334 1089 393 adsum
1106 353 1143 394 en
1169 344 1195 396 to

59 413 92 476 G.
112 414 196 475 Cotta
212 415 332 490 eousu13
356 416 430 476 facio
453 416 532 494 quod
555 433 643 495 saepe
660 416 786 477 maiores
801 417 914 496 asperis
930 417 1014 478 bellis
1028 420 1143 479 seuere:

59 518 153 560 voveo
176 501 311 578 dedoque
334 518 381 560 me
403 520 458 580 pro
481 519 513 560 re
537 500 664 580 publica.
694 519 781 579 quam
805 501 911 562 deiude
934 502 982 562 eui
999 505 1144 564 mandetis
1166 514 1193 564 11

59 585 296 664 circumspicite3
314 604 381 645 nam
397 585 485 646 talem
503 587 646 646 honorem
665 584 762 648 bonus
784 604 872 647 nemo
887 587 981 660 volet,
999 605 1065 647 oum
1083 589 1143 649 sor-

59 679 152 730 tuuae
176 678 205 730 et
227 671 316 731 maris
338 679 367 731 et
390 669 457 732 belii
481 670 517 730 ab
539 671 602 731 aliis
617 671 674 731 aeti
691 671 766 732 ratio
782 671 934 732 reddunda
951 681 1001 732 aut
1016 673 1143 753 turpiter

59 755 254 816 moriundum
277 754 323 815 sit.
356 764 470 816 tantum
495 754 582 836 modo
606 755 636 815 iu
660 756 766 816 animis
788 755 927 817 habetote
951 776 1081 818 nonme
1105 757 1142 818 ob
1166 769 1195 820 tt

58 841 158 901 scelus
180 847 231 900 aut
253 840 403 901 avaritiam
426 858 559 914 caesum,
583 840 633 900 sed
656 841 804 901 volentem
820 860 875 920 pro
890 842 1034 903 maxumis
1050 842 1143 904 bene·

59 925 135 985 ficiis
159 925 285 985 animam
309 926 389 986 dono
413 925 535 986 dedisse.
567 943 620 1004 per
634 945 699 997 voe,
723 926 866 998 Quirites,
891 935 920 987 et
941 927 1065 1006 gloriam
1080 946 1142 988 ma·
1167 937 1194 988 13

59 1011 174 1082 iorum,
204 1010 327 1071 tolerate
350 1011 471 1072 advorsa
494 1021 523 1070 et
545 1010 691 1070 consulite
714 1011 756 1070 rei
779 1011 930 1089 publieaet
960 1013 1051 1072 multa
1074 1031 1145 1074 oura
1166 1026 1195 1075 14

58 1112 177 1156 summo
193 1095 316 1175 imperio
333 1096 419 1167 inest,
442 1094 527 1156 multi
549 1095 687 1172 ingentes
709 1094 839 1169 labores;
864 1116 939 1175 quos
962 1098 1141 1176 nequiquam

59 1179 190 1240 abnuitis
213 1189 243 1240 et
264 1181 344 1259 pacis
367 1181 549 1260 opulentiam
574 1181 730 1258 quaeritis,
758 1199 825 1241 oum
849 1200 952 1242 omues
974 1184 1143 1261 provinciae

58 1283 154 1344 regna
170 1265 259 1325 maria
276 1275 431 1344 terraeque
446 1283 548 1345 aspera
565 1275 615 1326 aut
629 1267 705 1327 fessa
717 1264 802 1326 bellis
818 1266 887 1326 sint.

58 1415 219 1465 mortalibus
230 1417 346 1479 gignere
361 1415 412 1467 und
424 1414 488 1468 Hist.
503 1418 527 1478 3,
544 1419 575 1467 17
630 1417 688 1466 tetis
701 1417 869 1479 obiecisseut;
881 1431 935 1467 uon
947 1431 1002 1467 uno
1013 1417 1080 1467 betto
1092 1433 1143 1482 pro

58 1485 209 1548 caecataque
231 1484 347 1533 conlatio
372 1498 464 1548 pugna
487 1489 576 1534 tamen
626 1487 720 1548 petria
734 1485 853 1534 cadentis
862 1483 1001 1549 Scipiones
1012 1485 1143 1550 Hispania

56 1553 171 1616 ingenio
199 1551 252 1601 loct
276 1553 485 1616 prohibentem
515 1550 575 1603 Tac.
628 1552 746 1615 vidisset,
758 1552 871 1603 Paulum
885 1559 910 1602 et
923 1551 1062 1602 Geminum
1076 1553 1143 1603 Con-

57 1618 123 1672 Hist.
147 1622 177 1683 5,
203 1620 235 1671 14
271 1619 385 1669 latitudo
421 1635 577 1685 camporum
628 1635 691 1684 uae,
716 1621 832 1671 Venusia
851 1620 1020 1683 Marcellum,
1042 1620 1143 1671 Litana

56 1692 152 1753 suopte
170 1689 280 1751 iugenio
303 1690 477 1740 tumentium.
513 1686 575 1739 Deua
628 1689 762 1750 Albinum,
781 1688 886 1739 Lucani
905 1687 1061 1739 Gracchum.

57 1754 219 1806 uatfirlioheu
231 1753 304 1806 'l'ode
317 1754 381 1806 wird
399 1755 466 1806 daun
479 1755 524 1808 der
536 1755 576 1807 itu
665 1759 703 1809 11.
723 1758 784 1807 belli
801 1759 928 1808 ...aetiz
950 1751 1005 1807 ‘des
1028 1772 1080 1809 rou
1098 1770 1143 1807 an·

57 1823 105 1874 das
124 1823 276 1889 allgemeine
292 1821 369 1875 Beste
387 1822 573 1875 erlitteueTod
628 1823 689 1875 dem
716 1824 930 1875 betriebeueu
955 1823 1061 1890 Krieges
1087 1823 1139 1886 (idr

57 1891 322 1957 gegentbergesteltt.
627 1892 744 1943 welchen
757 1892 811 1943 also
825 1893 889 1943 auch
908 1907 955 1944 nur
973 1891 1044 1944 diese
1059 1891 1142 1943 selbst

95 1963 135 2012 10.
153 1962 269 2010 maiores
281 1964 342 2011 ete:
356 1959 407 2011 Gie.
419 1957 495 2010 Tuse.
508 1962 530 2023 1,
540 1961 572 2011 89
625 1960 835 2012 verantworttieh
863 1960 918 2012 sein
946 1953 1084 2025 kouneut’.
1108 1989 1142 1998 -

57 2042 128 2093 quae
148 2027 253 2092 quidem
270 2028 361 2092 (more)
379 2031 403 2077 si
426 2030 573 2092 timeretur,
624 2031 708 2078 mario
725 2029 777 2080 und
801 2027 862 2079 belli
881 2066 887 2079 .
906 2065 938 2080 ..
963 2030 1018 2078 aeti
1039 2029 1141 2094 haugen

56 2111 112 2146 uon
125 2095 156 2146 L.
169 2095 272 2146 Brutus
285 2135 291 2147 .
304 2132 311 2147 .
325 2133 331 2146 .
344 2099 373 2145 iu
389 2096 493 2161 proelio
513 2111 574 2145 eon·
626 2096 700 2148 beide
718 2112 770 2148 von
788 2095 917 2156 fortunae
935 2097 975 2149 ab.

57 2163 182 2224 cidisse&
203 2179 258 2214 non
280 2178 340 2214 eum
358 2163 465 2214 Latinis
486 2163 575 2214 decer·
663 2166 701 2216 13.
716 2181 768 2230 per
786 2182 832 2216 vos
849 2168 910 2216 ete:
929 2181 961 2216 zu
973 2163 1026 2229 lug.
1046 2167 1086 2228 14,
1100 2166 1140 2216 25.
1205 2206 1208 2213 .

58 2237 120 2282 tone
140 2235 221 2296 peter
239 2231 351 2294 Decius,
374 2247 433 2283 eum
452 2232 575 2282 Etruscis
662 2236 701 2285 14.
719 2248 820 2284 summo
840 2236 965 2300 imperio:
984 2233 1040 2284 hier
1051 2237 1141 2283 vostro

15 2317 16 2320 ¹
57 2300 211 2361 filtuqeum
221 2301 575 2366 Pyrrdoueposeehostium
626 2299 687 2352 oder
705 2300 925 2367 popultltomani
937 2317 966 2352 zu
986 2301 1141 2368 suppiieren.
