2498 4276
106 114 167 172 168
484 114 510 166 G.
530 111 685 165 satnvsut
703 110 805 164 GRlSPl

105 287 189 350 alteri
204 287 280 366 apud
293 286 400 347 alteros
415 285 603 346 formidinem
616 286 704 347 simul
719 294 749 346 et
759 283 1035 352 tumultumlaeere
1050 293 1080 346 et
1096 303 1179 364 paene

107 372 296 453 inprudentia
312 371 470 432 admissum
485 372 600 433 lacinus
614 369 797 443 miserabile,
821 369 852 430 ni
866 369 1022 449 utrimque
1037 371 1180 450 praemissi

70 467 84 517 8
106 459 219 537 equites
241 475 304 524 rem
327 456 566 536 exploravissent.
604 456 694 535 igitur
716 473 771 536 pro
793 464 874 516 metu
896 465 1027 533 repente
1050 455 1181 534 gaudium

107 552 252 607 mutatur:
276 542 382 603 milites
404 541 478 602 alius
493 542 581 602 alium
597 542 664 602 laeti
680 540 844 620 adpellant,
867 549 932 601 aeta
955 539 1089 602 edocent
1103 549 1182 620 atque

108 630 246 690 audiunt:
277 646 328 689 sua
352 626 478 705 quisque
501 627 587 688 fortia
609 628 682 687 lacta
705 627 740 686 ad
765 626 877 687 eaelum
900 625 968 686 fert.
1007 627 1123 706 quippe
1143 645 1183 688 res

108 715 253 776 humanae
278 714 315 773 ita
338 731 402 773 sese
421 712 544 773 habent:
568 713 598 773 in
622 711 743 772 victoria
766 710 810 772 vel
832 710 945 789 ignavis
968 710 1093 790 gloriari
1114 711 1182 785 lieet,

109 800 247 861 advorsae
264 815 312 858 res
327 797 414 857 etiam
430 795 526 859 bonos
541 798 716 858 detrectant.

65 881 103 941 at
197 882 331 944 Metellus
346 882 376 941 in
393 881 483 943 isdem
500 883 602 944 castris
617 881 812 961 quadriduum
835 888 967 942 moratus
989 881 1111 942 saucios
1125 899 1184 943 eun

109 985 179 1030 cura
194 967 298 1041 reficit,
313 967 435 1028 meritos
450 968 479 1027 in
497 968 617 1047 proehis
634 985 716 1028 more
731 966 851 1028 militiae
866 965 968 1039 donat,
985 966 1146 1028 univorsos
1157 967 1183 1028 in

110 1053 250 1114 contione
262 1052 360 1112 laudat
372 1061 460 1131 atque
472 1054 531 1130 agit
545 1052 653 1132 gratias
661 1072 669 1128 ;
685 1053 830 1125 hortatur,
849 1051 883 1111 ad
901 1059 1011 1124 cetera,
1030 1069 1108 1131 quae
1118 1052 1184 1113 levia

110 1139 184 1213 sint,
207 1155 307 1216 parem
325 1137 455 1198 animum
479 1148 602 1216 gerant:
624 1156 680 1218 pro
698 1136 819 1198 victoria
841 1137 910 1197 satis
932 1136 991 1196 iam
1013 1146 1183 1216 pugnatum,

72 1233 87 1282 2
109 1223 240 1302 rehquos
255 1223 371 1283 labores
386 1241 441 1303 pro
457 1223 566 1302 praeda
582 1224 654 1284 lore.
685 1231 824 1284 ettamen
841 1221 961 1282 interim
975 1222 1147 1301 transfugas
1159 1231 1184 1283 et

109 1309 182 1371 alios
197 1318 399 1388 opportunos,
422 1308 563 1387 Iugurtha
578 1307 629 1369 ubi
651 1309 785 1387 gentium
800 1314 851 1367 aut
865 1307 935 1385 quid
958 1306 1101 1386 agitaret,
1125 1324 1184 1368 eunt

110 1394 252 1474 paucisne
268 1404 346 1456 esset
360 1412 397 1454 an
414 1395 575 1455 exereitum
591 1393 728 1468 baberet,
751 1402 784 1454 ut
798 1411 862 1454 sese
877 1392 972 1453 victus
987 1402 1125 1471 gereret,
1141 1411 1184 1453 ex·

73 1490 86 1539 3
110 1480 259 1560 ploratum
281 1478 368 1540 misit.
400 1487 429 1539 at
451 1478 499 1539 ille
521 1497 587 1540 sese
605 1479 635 1539 in
659 1479 723 1540 loca
747 1479 874 1540 saltuosa
896 1486 925 1538 et
947 1486 1057 1538 natura
1078 1478 1184 1539 munita

111 1573 280 1644 receperat,
303 1564 403 1642 ibique
419 1563 542 1644 cogebat
558 1564 719 1625 exercitum
741 1581 866 1625 numero
885 1562 1043 1624 bominum
1068 1563 1184 1644 amplio-

112 1669 173 1712 rem
190 1649 241 1711 sed
257 1648 394 1711 hebetem
409 1649 630 1728 infirmumque,
650 1649 712 1728 agri
728 1667 762 1711 ao
776 1648 893 1729 peeoris
908 1648 1002 1727 magis
1017 1666 1107 1727 quam
1124 1647 1185 1709 belli

76 1747 90 1796 4
113 1736 267 1796 cultorem.
298 1735 326 1795 id
350 1753 383 1795 ea
406 1735 497 1813 gratia
520 1734 688 1808 eveniebat,
713 1735 793 1813 quod
815 1741 933 1814 praeter
955 1733 1055 1810 regios
1078 1733 1185 1812 equites
1225 1798 1227 1819 Ι

113 1840 201 1882 nemo
225 1820 358 1881 omnium
373 1819 496 1881 Numida
520 1839 555 1880 ex
577 1821 646 1900 luga
667 1837 768 1899 regem
791 1819 939 1899 sequitur:
964 1836 1023 1896 quo
1048 1819 1186 1897 cuiusque
1225 1826 1227 1831 '

114 1907 231 1967 animus
253 1907 327 1979 fert,
350 1924 385 1966 eo
409 1905 579 1979 discedunt,
603 1924 701 1984 neque
716 1905 743 1966 id
760 1905 901 1985 flagitium
920 1903 1041 1964 militiae
1056 1904 1183 1977 ducitur;

113 1993 152 2052 ita
167 2010 199 2053 se
214 2009 312 2051 mores
326 1988 445 2054 habent.

77 2086 90 2134 a
198 2075 290 2154 lgitur
306 2074 452 2150 Metellus,
476 2074 527 2135 ubi
541 2074 619 2136 videt
633 2075 711 2154 regis
726 2075 813 2136 etiam
828 2084 891 2135 tum
906 2073 1036 2134 animum
1060 2075 1185 2135 ferocem

114 2179 194 2232 esse,
210 2159 320 2220 bellum
336 2159 486 2230 renovari,
503 2159 582 2238 quod
600 2160 706 2221 nisiex
722 2161 799 2221 illius
814 2159 946 2221 lubidine
961 2159 1025 2238 geri
1042 2178 1105 2220 non
1122 2177 1185 2239 pos-

115 2253 174 2317 set,
190 2252 344 2322 praeterea
359 2243 494 2321 iniquum
511 2255 660 2306 certamen
676 2245 732 2306 sibi
748 2264 815 2306 oum
830 2243 983 2316 hostibuS,
1007 2245 1125 2306 minore
1140 2244 1186 2305 de-

114 2330 255 2390 trimento
272 2328 336 2388 illos
351 2329 429 2388 vinci
440 2346 527 2406 quam
543 2348 613 2390 suos
624 2331 751 2405 vincere,
768 2331 869 2391 statuit
884 2348 944 2389 non
961 2331 1084 2408 proeliis
1095 2347 1187 2409 neque

76 2424 92 2474 6
117 2413 194 2488 acie,
218 2414 269 2474 sed
284 2413 340 2474 alio
356 2431 439 2473 more
454 2412 564 2475 bellum
578 2417 755 2495 gerundum.
784 2415 882 2494 itaque
904 2415 935 2474 in
959 2415 1024 2475 loca
1039 2415 1188 2476 Numidiae

116 2498 349 2579 opulentissuma
371 2499 483 2578 porgit,
512 2517 599 2578 agros
625 2511 733 2578 vastat,
761 2501 852 2562 multa
881 2499 997 2561 castella
1020 2510 1051 2560 et
1073 2499 1188 2580 oppida,

152 2672 174 2722 8.
193 2673 326 2719 mutatur:
349 2667 390 2719 die
408 2667 560 2732 Bedoutung
578 2669 628 2721 wie
681 2683 770 2735 wegen
794 2668 839 2718 der
858 2665 1008 2732 Bedeutung
1029 2682 1083 2718 von
1105 2682 1190 2718 rausa.

117 2740 158 2801 38,
190 2741 234 2798 10;
265 2738 326 2788 aber
355 2737 400 2788 das
429 2736 628 2803 Weggegebene
680 2735 872 2803 Entspreehend
886 2736 920 2786 ist
932 2735 977 2786 der
989 2733 1126 2788 Gebraueh
1143 2751 1190 2788 von

117 2806 185 2857 steht
198 2806 260 2869 hier,
273 2806 322 2856 wie
336 2806 377 2870 83,
392 2811 414 2868 1,
432 2806 478 2856 mit
493 2822 557 2871 pr03
575 2807 628 2871 rgl,
679 2809 704 2856 is
720 2820 847 2855 numerus
864 2805 906 2867 (zu
926 2806 966 2867 35,
979 2805 1004 2867 6)
1020 2802 1072 2854 und
1093 2803 1153 2870 dgl,
1170 2817 1188 2854 s.

119 2876 187 2937 55,3
207 2890 238 2924 zu
255 2878 322 2939 port.
681 2874 745 2926 auch
765 2889 796 2924 zu
815 2874 866 2936 56.

153 2942 281 2992 advorsae
297 2957 341 2991 rar
355 2941 517 2992 detrectant:
535 2965 569 2986 ==
586 2939 629 3002 lh·
712 2974 789 3008 mmo
813 2959 931 3007 omnium
954 2954 1087 3007 Numida,
1114 2955 1191 3022 ,πει

117 3014 191 3062 rium
208 3015 240 3059 ut
256 3013 336 3059 ettam
354 3010 417 3058 boni
435 3008 627 3070 detrectentur5
662 3018 713 3079 '19
735 3031 749 3078 7
764 3025 895 3091 pleraque
908 3041 942 3075 ,ω
954 3026 1064 3075 punici,
1082 3026 1192 3091 Oppiam

117 3075 629 3130 diebewirhendeUrsachealsdashan·
680 3067 758 3157 3024,

116 3145 208 3197 demde
227 3145 299 3208 subl·
314 3148 426 3209 geml-
715 3181 749 3214 err
772 3161 854 3226 fuga:
880 3159 909 3213 h.
931 3161 977 3211 mit
999 3160 1192 3224 Versehiebung

152 3230 200 3285 54.
221 3234 243 3281 1.
258 3246 310 3294 pro
327 3229 442 3295 praeda:
459 3221 501 3278 ‘zu
514 3227 629 3279 Gunsten
680 3228 937 3296 desStandpunktes:
950 3222 1015 3279 ‘aul
1023 3224 1133 3290 derl'l.’;
1144 3228 1193 3295 vgl.

118 3298 162 3350 der
180 3291 216 3349 B?
245 3298 289 3349 der
308 3296 471 3348 ltonzinnitat
498 3311 529 3345 zu
553 3295 629 3348 Liebe
680 3303 833 3350 emitterre
856 3296 911 3348 dat.
930 3299 976 3360 39,
995 3301 1024 3357 5;
1048 3312 1094 3348 zur
1114 3297 1193 3350 Saehe

119 3368 156 3418 als
175 3366 318 3432 Gegensatz
336 3379 387 3415 von
401 3379 454 3429 pro
472 3366 595 3415 viatoria.
681 3367 772 3435 Polyb.
793 3369 815 3428 1,
829 3369 871 3429 74,
885 3361 1017 3417 ἹἍννων
1034 3363 1193 3434 εἰθισμένοι

154 3454 177 3504 2.
196 3453 327 3516 agitaret:
347 3449 393 3500 mit
407 3450 585 3513 eligentium
602 3448 630 3500 in
680 3432 844 3522 Ῑῖθμᾶσιστε
863 3436 908 3512 uqi
927 3434 1033 3500 Λίβυσι
1057 3432 1193 3497 πολεμεῖν,

119 3519 225 3571 anderer
246 3518 397 3584 Bedeutung
421 3516 567 3570 verbunden
591 3516 630 3570 als
681 3518 779 3556 vtum
791 3519 861 3584 ‘W
876 3499 951 3584 απᾳξ
969 3498 1116 3569 ἕγκλίνωσι
1135 3521 1194 3556 ποι·

119 3587 165 3638 mit
184 3588 256 3652 quid,
682 3572 778 3623 οὗνται
795 3588 847 3636 την
865 3588 953 3639 φυγην
971 3571 1017 3622 ἐπὶ
1035 3565 1085 3624 δύο
1098 3569 1195 3641 ὑμέρασ

153 3658 177 3708 4.
191 3672 222 3704 ea
231 3658 341 3719 gratia:
355 3681 387 3699 =
400 3657 457 3705 eius
474 3657 516 3705 rei
529 3656 632 3719 gratia,
682 3643 726 3691 καὶ
743 3642 814 3707 τρεῖς
825 3639 1015 3700 ἐκτοπίζοντες
1027 3635 1128 3693 αὐτούς
1139 3636 1192 3691 κτλ.

120 3722 170 3772 wie
184 3724 224 3785 80,
238 3726 266 3784 43
280 3723 325 3774 das
338 3722 456 3774 ahnliche
468 3721 519 3774 und
530 3721 633 3789 hdulige
719 3725 741 3774 5.
749 3720 845 3772 bellom
856 3761 862 3772 .
874 3760 880 3774 .
890 3762 896 3773 .
908 3719 989 3788 quod:
1001 3717 1136 3791 ‘einKrieg
1144 3739 1192 3775 von

120 3806 150 3841 aa
164 3805 244 3840 rouro
257 3791 320 3854 (Cat.
334 3793 375 3856 52,
389 3792 414 3856 'll
426 3791 460 3842 ist
478 3790 633 3843 natbrlicher
685 3790 730 3842 der
747 3789 801 3854 Art,
820 3789 875 3842 dals
894 3806 921 3842 er
939 3785 995 3843 eto.>
