2498 4276
336 145 378 198 DE
395 145 496 198 BELLO
513 145 668 199 Novum
704 146 730 198 (1.
744 149 852 199 10-12.
1076 147 1136 204 185

58 337 144 390 uere,
161 337 201 378 ne
223 318 353 397 praemia
368 317 476 379 Metelli
494 318 523 379 iu
540 327 652 397 pestem
677 327 879 380 convorteret:
903 319 1060 397 Iugurthae
1076 321 1137 381 exi·

57 405 134 465 tium
151 405 268 478 adesse;
291 412 433 476 ceterum,
456 421 547 464 suane
563 423 600 464 an
617 403 725 464 Metelli
740 405 846 465 virtute
862 404 981 481 periret,
1004 405 1032 465 id
1050 407 1136 466 modo

57 489 181 568 agitari:
198 489 324 567 proinde
337 497 489 567 reputaret
502 507 569 549 cum
582 490 681 549 auimo
697 507 760 562 suo,
777 489 906 568 praemia
921 508 958 549 an
976 491 1136 551 cruciatum

56 575 170 635 mallet.
201 575 252 637 sed
269 592 336 634 cum
353 592 404 634 eae
419 574 533 634 litterae
545 575 665 644 adlatae,
682 575 758 634 forte
769 575 909 635 Nabdalsa
926 576 1055 635 exercito
1071 594 1136 636 cor·
1155 582 1188 635 11

58 678 134 739 pore
157 661 254 722 lessus
275 659 306 719 in
329 659 406 720 lecto
430 658 609 736 quiescebat,
632 659 682 720 ubi
705 660 833 736 cognitis
847 659 1020 721 Bomilcaris
1041 661 1139 721 verbis
1161 671 1176 720 2

57 747 158 824 primo
172 763 252 817 eura,
269 744 384 818 deiude,
402 744 444 804 uti
455 762 574 823 aegrum
588 745 719 805 animum
732 745 814 820 solet,
828 763 950 806 somnus
963 745 1050 824 cepit.
1077 757 1139 806 erat
1160 755 1175 805 3

59 830 86 890 ei
101 831 229 891 Numida
246 829 362 907 quidam
378 830 566 907 negotiorum
583 839 709 898 curator,
727 830 801 891 fidus
816 839 1014 910 acceptusque
1029 840 1059 891 et
1074 851 1137 891 om·

59 916 143 976 nium
167 915 360 977 consiliorum
382 914 439 976 nisi
460 915 618 975 novissumi
640 915 797 994 particeps.
829 917 888 994 qui,
911 926 1067 994 postquam
1091 918 1139 977 ad·
1161 927 1176 975 4

58 1001 133 1062 latas
148 1001 262 1062 litteras
283 999 393 1060 audivit
407 1008 436 1061 et
451 1019 486 1060 ex
502 1001 717 1061 consuetudine
740 1011 821 1062 ratus
837 1020 927 1079 opera
943 1013 994 1061 aut
1016 1003 1137 1081 iugenio

59 1106 114 1148 suo
132 1105 210 1165 opus
225 1104 289 1146 esse
305 1085 335 1145 in
352 1083 576 1145 tabernaculum
592 1085 715 1157 introiit,
738 1087 903 1146 dormiente
918 1086 968 1146 illo
985 1087 1138 1165 epistulam

58 1191 152 1250 super
167 1171 302 1250 caputio
321 1169 442 1249 pulvino
465 1178 576 1230 temere
599 1170 723 1249 positam
747 1173 836 1231 sumit
857 1189 891 1230 ao
913 1172 1047 1250 perlegit,
1071 1173 1138 1234 dein

59 1275 191 1336 propere
205 1255 332 1334 coguitis
347 1255 462 1316 insidiis
482 1255 517 1314 ad
540 1273 640 1333 regem
662 1256 768 1334 pergit.
797 1255 940 1316 Nabdalsa
963 1256 1052 1334 paulo
1074 1267 1142 1336 post
1162 1270 1176 1317 5

60 1350 255 1421 experrectus
265 1340 316 1400 ubi
330 1359 429 1418 neque
442 1340 596 1418 epistulam
613 1342 745 1419 repperit
760 1350 790 1402 et
804 1359 868 1401 rem
884 1359 1001 1401 omnem
1018 1343 1060 1402 uti
1076 1352 1139 1402 acta

60 1437 124 1488 erat
141 1426 289 1505 cognorit,
305 1426 402 1504 primo
417 1425 545 1485 indicem
560 1426 699 1505 persequi
717 1436 849 1497 conatus,
867 1436 1022 1505 postquam
1036 1427 1064 1486 id
1076 1428 1140 1487 fru-

59 1523 121 1574 stra
137 1513 203 1584 fuit,
215 1511 387 1589 Iugurtham
401 1511 535 1589 placandi
548 1512 639 1590 gratia
652 1512 778 1586 accedit;
796 1512 877 1583 dicit,
890 1530 964 1589 quae
977 1512 1040 1590 ipse
1052 1530 1138 1590 para·

59 1599 151 1660 visset
161 1598 268 1670 facere,
285 1596 406 1675 pertidia
419 1597 534 1657 clientis
549 1596 594 1657 sui
607 1606 779 1674 praeventa3
795 1598 962 1657 lacrumans
978 1597 1141 1658 obtestatur

59 1701 116 1764 per
140 1682 296 1743 amicitiam
317 1700 429 1762 perque
445 1700 496 1742 sua
512 1690 598 1741 antea
613 1682 740 1742 fideliter
754 1691 827 1755 acta,
850 1700 888 1742 ne
904 1700 995 1760 super
1009 1683 1058 1742 tali
1074 1702 1139 1744 sce-

59 1769 123 1830 lere
139 1777 310 1846 suspectum
327 1785 391 1828 sese
406 1766 539 1827 haberet.
570 1768 605 1827 ad
622 1785 655 1826 ea
671 1785 731 1839 rex,
748 1767 831 1827 aliter
846 1776 934 1844 atque
946 1767 1043 1827 animo
1055 1787 1139 1846 gere·
1154 1774 1188 1829 te

59 1854 120 1927 bat,
145 1853 260 1932 placide
274 1852 439 1930 respondit.
483 1852 647 1912 bomilcare
670 1852 792 1929 aliisque
815 1852 923 1923 multis,
947 1871 1022 1930 quos
1044 1854 1140 1913 socios

59 1937 236 1999 insidiarum
260 1947 447 2015 cognoverat,
470 1937 632 1998 interfectis
655 1938 727 1996 iram
752 1946 948 2018 oppresserat,
972 1956 1010 1997 ne
1030 1957 1087 2016 qua
1105 1957 1138 1998 ex

60 2043 96 2084 eo
114 2023 235 2101 negotio
250 2020 355 2083 seditio
373 2033 516 2084 oreretur.

147 2108 250 2185 Neque
273 2117 341 2185 post
363 2106 392 2167 id
414 2107 547 2167 locorum
570 2101 729 2185 Iugurthae
752 2107 814 2168 dies
829 2116 879 2167 aut
894 2126 953 2167 uox
968 2107 1026 2168 ulla
1042 2109 1140 2187 quieta
1162 2121 1176 2170 2

58 2194 132 2255 luit:
158 2211 257 2270 neque
278 2193 344 2252 loco
368 2210 465 2269 neque
486 2191 601 2252 mortali
624 2192 760 2270 cuiquam
777 2203 828 2253 aut
843 2194 972 2275 tempori
990 2195 1060 2255 satis
1075 2213 1139 2255 cre·

59 2281 142 2351 dere,
154 2278 226 2339 civis
234 2278 386 2354 hostisque
399 2277 478 2337 iuxta
490 2284 631 2350 metuere,
648 2277 896 2358 circumspectare
908 2279 1006 2339 omnia
1019 2291 1048 2340 et
1060 2280 1141 2340 omni

59 2363 189 2443 strepitu
204 2380 368 2441 pavescere,
392 2362 447 2422 alio
471 2370 558 2440 atque
580 2362 636 2422 alio
659 2361 735 2438 looo,
759 2382 846 2442 saepe
868 2373 971 2423 contra
988 2365 1079 2426 deous
1093 2384 1140 2424 re-

59 2450 153 2528 gium,
176 2457 269 2509 noctu
284 2447 480 2526 requiescere,
497 2447 646 2508 interdum
662 2466 768 2509 somno
784 2449 896 2509 excitus
912 2451 1037 2527 arreptis
1053 2451 1142 2510 armis

59 2533 222 2595 tumultum
238 2534 350 2593 lacere:
366 2533 404 2592 ita
420 2533 578 2593 formidine
594 2533 678 2612 quasi
694 2535 827 2594 vecordia
845 2533 993 2610 exagitari.

59 2673 89 2718 in
103 2669 202 2734 quidus
213 2665 338 2718 ebenlalls
356 2665 402 2717 aul
418 2666 520 2717 litterar
533 2666 578 2717 be·
663 2669 687 2717 4.
707 2682 787 2732 opero
806 2671 855 2716 aut
871 2668 995 2728 ingenio:
1016 2665 1060 2716 der
1078 2666 1139 2716 Sinn

60 2751 160 2801 rogem
179 2750 211 2785 zu
223 2733 276 2800 lug.
292 2737 352 2798 ’1,1.
629 2735 671 2797 ist,
686 2726 726 2784 ‘es
739 2735 804 2798 gebe
823 2733 863 2784 lor
880 2734 924 2783 ibn
939 2739 1020 2785 etwas
1033 2750 1064 2784 zu
1077 2736 1140 2785 tbun

96 2805 260 2868 Iugurthae:
287 2802 399 2853 welcber
426 2801 522 2865 Kasus,
545 2817 576 2852 zu
630 2801 691 2854 oder
709 2817 740 2852 zu
758 2795 882 2853 denuen’.

61 2872 171 2924 esseben
190 2885 236 2922 aus
254 2873 313 2936 9,4
330 2872 383 2920 sibi
407 2872 478 2921 vitae
497 2869 577 2930 finem
663 2873 687 2921 5.
705 2885 798 2936 super:
817 2884 864 2920 nur
882 2869 937 2920 hier
954 2870 979 2919 in
999 2868 1081 2919 dieser
1093 2867 1141 2921 Be·

61 2943 164 2992 adesse.
629 2937 755 3004 deutnng,
783 2937 834 2988 und
858 2938 1001 3002 riberbaupt
1024 2952 1056 2987 zu
1079 2937 1140 2988 Sall.

95 3023 196 3059 suone:
220 3005 244 3058 d.
263 3006 280 3057 i.
303 3006 348 3058 des
372 3004 500 3056 Bomilcar
525 3005 576 3056 und
629 3006 684 3057 Zeit
696 3007 780 3057 nurin
799 3006 844 3058 der
856 3005 1093 3071 Umgaugsspracbe
1112 3021 1140 3057 so

61 3076 202 3128 Nabdalsa.
237 3075 264 3126 lu
289 3074 333 3127 der
356 3073 472 3126 direlrten
496 3073 578 3126 Rede·
629 3074 780 3138 gebrauebt;
798 3075 928 3140 spiterbin
942 3073 1141 3139 gewobnlicher.

62 3146 129 3197 torm
149 3143 239 3195 warde
257 3148 385 3194 nostrone
403 3143 504 3196 steben.
629 3142 802 3208 Regelmalsig
821 3144 889 3194 ubre
912 3143 944 3193 de
962 3141 1023 3193 oder
1041 3144 1070 3192 in
1093 3142 1142 3193 tob·

96 3214 141 3266 71.
161 3217 184 3264 1.
197 3213 316 3263 adlatae:
335 3212 420 3276 suppl.
431 3216 507 3270 sunt3
526 3209 577 3260 wie
629 3212 734 3275 scelere,
752 3213 817 3263 auch
836 3212 899 3262 tolie
915 3211 1030 3262 sceleris.

64 3284 104 3345 l'l,
119 3283 149 3340 33
172 3283 229 3343 109,
241 3282 265 3332 2·
289 3279 348 3330 Hier
361 3279 395 3329 181
407 3293 467 3328 vum
479 3303 512 3324 θ
525 3294 577 3343 4²⁴⁰
663 3293 708 3349 tu.
723 3299 745 3347 l.
756 3299 979 3362 animogereoat:
992 3298 1042 3348 wie
1052 3301 1141 3347 animo

63 3355 195 3414 tempor03
215 3363 246 3399 zu
265 3350 305 3408 91.
321 3350 343 3398 ¹·
630 3365 754 3429 agitabat
767 3369 807 3429 11,
821 3369 844 3417 r.

97 3419 220 3468 mmm
238 3430 362 3481 0⁰²'l’07'32
385 3415 434 3464 Wle
452 3413 505 3464 Gli·
525 3415 576 3473 ²³1
663 3436 735 3483 irum
747 3436 926 3498 oppresserat:
940 3432 1002 3481 iiber
1015 3430 1059 3481 das
1070 3429 1141 3480 Plus-

65 3501 162 3551 eorpm
181 3486 341 3535 exercebunt
351 3481 401 3534 und
415 3484 467 3546 8‚5
485 3483 519 3532 im
538 3496 579 3531 nr·
631 3502 745 3568 quamps·
764 3517 783 3552 s·
802 3517 832 3552 zu
846 3501 899 3551 Gap,
913 3503 954 3561 24,
968 3503 991 3550 1·

64 3553 247 3621 sprunglieben
260 3552 323 3617 Sinn
335 3551 381 3602 des
394 3549 508 3603 Wortes:
526 3546 579 3600 ‘au-

65 3613 210 3688 strengen’‚
227 3614 406 3685 ‘betbdtigen'.
919 3672 923 3682 ,
1029 3669 1034 3679 ‚

98 3692 123 3742 2⁴
142 3692 190 3740 up,-
203 3727 209 3739 ¹
223 3727 229 3740 Ι
242 3726 249 3740 ‚
263 3691 343 3754 ,epm
355 3689 381 3739 j„
393 3689 441 3738 up,-
457 3686 521 3750 ljegg
533 3687 580 3736 ug,-
665 3674 760 3721 contro
773 3671 852 3722 dooere
864 3683 981 3733 regrum:
1001 3683 1051 3719 wie
1064 3669 1105 3730 33,
1121 3671 1143 3718 l.

65 3761 254 3824 quiescentem
273 3772 304 3807 zu
317 3756 383 3807 solet
396 3756 430 3806 ist
442 3754 522 3806 leicht
535 3769 578 3804 ca·
665 3756 806 3806 tumultum
828 3754 931 3815 faeere:
956 3750 1037 3804 ‘L'drm
1061 3753 1144 3804 scbla·

63 3843 126 3892 pere
144 3841 177 3878 zu
196 3824 353 3892 supplieren.
631 3821 703 3890 gen'.

666 3589 690 3638 2.
706 3591 768 3651 post
785 3587 816 3637 id
833 3586 965 3635 locorum:
985 3598 1016 3633 au
1030 3585 1069 3643 63,
1084 3585 1107 3634 6.
