2498 4276
126 114 187 171 108
503 114 529 167 C.
548 112 703 165 SALLVSTl
721 111 822 165 curse!

86 295 101 344 t
124 287 249 349 Gulussa
264 287 403 348 fratribus
425 285 530 347 morbo
546 286 717 366 absumptis.
749 287 774 347 is
789 283 984 346 Adherbalem
1000 292 1032 345 et
1048 285 1200 365 Hiempsa-

123 372 181 433 lem
205 390 240 432 ex
262 390 326 432 sese
348 372 465 451 genuit,
495 372 726 451 lugurtbamque
748 370 842 433 filium
863 368 1076 432 Mastanabalis
1098 371 1200 445 fratris,

125 475 214 536 quem
229 456 398 530 Masinissa,
414 457 494 536 quod
511 466 594 519 ortus
610 456 829 518 exconcubina
845 465 915 527 erat,
931 455 1084 535 privatum
1100 455 1200 517 dereli-

83 545 101 600 6
124 551 243 621 querat,
267 543 369 604 eodem
386 545 468 604 cultu
484 561 542 621 quo
559 542 668 604 liberos
682 560 752 604 suos
767 541 847 602 domi
862 540 974 602 babuit.
1005 541 1061 620 qui
1077 541 1131 602 ubi
1147 541 1200 620 pri·

124 646 205 689 mum
220 627 359 701 adolevit,
382 628 498 706 pollens
513 626 641 701 viribus,
664 627 771 689 deeora
785 626 875 701 facie,
891 625 942 687 sed
957 626 1053 687 multo
1071 644 1200 688 maxume

125 714 247 793 ingenio
275 712 402 786 validus,
432 732 493 773 non
523 731 555 774 se
583 713 654 774 luxu
677 730 776 791 neque
797 710 922 772 inertiae
944 711 1200 791 corrumpundum

123 799 218 870 dedit,
235 799 286 858 sed
301 798 344 858 uti
359 816 423 859 mos
438 799 534 877 gentis
550 798 627 860 illius
643 807 701 873 est,
724 797 855 877 equitare
871 795 1008 870 iaculari,
1028 815 1125 859 cursu
1140 814 1200 859 cum

123 882 296 962 aequalibus
312 891 424 944 certare
440 893 477 955 et,
493 901 561 945 eum
577 883 673 945 omnis
688 882 781 963 gloria
796 881 930 954 anteiret,
947 882 1093 944 omnibus
1107 892 1200 943 tamen

122 986 210 1030 carus
225 987 307 1043 esse;
330 969 365 1028 ad
382 969 439 1029 hoc
454 968 596 1048 pleraque
610 977 743 1048 tempora
759 968 789 1028 in
805 966 941 1027 venando
957 985 1064 1047 agere,
1088 967 1201 1030 leonem

123 1048 212 1132 atque
227 1052 296 1114 alias
311 1053 388 1114 seras
404 1053 517 1133 primus
537 1055 632 1114 autin
656 1053 758 1132 primis
780 1052 884 1126 ferire3
907 1051 1085 1131 plurumum
1099 1053 1200 1125 facere,

85 1147 101 1197 2
124 1139 291 1199 minumum
307 1139 369 1218 ipse
392 1139 428 1200 de
443 1158 475 1200 se
496 1139 587 1218 loqui.
618 1138 726 1217 quibus
746 1137 835 1198 rebus
850 1137 970 1217 Micipsa
985 1139 1106 1200 tametsi
1120 1138 1199 1199 initio

124 1224 217 1284 laetus
239 1224 336 1284 fuerat
358 1225 539 1286 existumans
561 1225 697 1285 virtutem
714 1223 874 1303 Iugurthae
895 1240 990 1302 regno
1013 1241 1071 1284 suo
1095 1223 1200 1303 gloriae

123 1310 203 1382 tore,
219 1319 332 1381 tamen,
348 1320 504 1389 postquam
520 1308 671 1370 hominem
687 1309 905 1369 adulescentem
922 1316 1023 1369 exacta
1040 1327 1096 1369 sua
1111 1317 1200 1371 aetate

124 1403 154 1455 et
169 1395 265 1473 parvis
280 1394 381 1456 liberis
397 1395 488 1473 magis
503 1394 655 1474 magisque
678 1412 812 1454 crescere
827 1392 988 1472 intellegit,
1010 1393 1200 1456 vehementer

85 1485 100 1534 3
123 1498 156 1540 eo
182 1480 300 1559 negotio
323 1489 476 1559 permotus
498 1479 588 1540 multa
610 1497 678 1540 eum
700 1479 798 1539 animo
821 1495 875 1539 suo
890 1476 1035 1539 volvebat.
1075 1478 1200 1541 terrebat

124 1583 191 1626 eum
214 1574 319 1626 natura
341 1565 508 1626 mortalium
531 1565 611 1625 avida
633 1564 738 1643 imperi
761 1573 790 1624 et
811 1581 952 1643 praeceps
974 1564 1010 1624 ad
1026 1563 1198 1644 explendam

123 1650 213 1711 animi
241 1651 428 1729 cupidinem,
462 1659 615 1730 praeterea
644 1649 851 1729 opportunitas
879 1666 950 1709 suae
978 1647 1199 1731 liberorumque

123 1735 234 1807 aetatis,
250 1753 337 1814 quam
354 1737 439 1796 etiam
455 1735 612 1796 mediocris
627 1735 705 1796 viros
720 1752 773 1813 spe
788 1734 915 1814 praedae
931 1741 1122 1796 transvorsos
1135 1734 1198 1815 agit,

124 1819 160 1879 ad
175 1820 233 1880 boc
256 1821 350 1881 studia
364 1821 557 1882 Numidarum
579 1821 609 1881 in
625 1819 796 1899 lugurtbam
816 1837 957 1890 accensa,
978 1820 1158 1898 exquibus,
1177 1819 1198 1881 si

123 1905 209 1965 talem
226 1906 320 1966 virum
333 1906 407 1966 dolis
422 1906 627 1977 interfecisset,
644 1925 682 1966 ne
696 1923 754 1984 qua
766 1905 869 1965 seditio
885 1912 937 1965 aut
947 1903 1059 1965 bellum
1076 1906 1200 1967 oriretur

90 1991 106 2045 ἰ’
124 1990 228 2050 anxius
245 1999 316 2049 erat.
345 1990 392 2051 bis
408 1989 629 2052 difficultatibus
644 1990 862 2051 circumventus
877 1989 929 2050 ubi
940 1989 1019 2050 videt
1035 2009 1137 2070 neque
1151 2006 1201 2071 per

123 2074 179 2134 vim
197 2092 294 2152 neque
310 2075 424 2135 insidiis
440 2076 567 2154 opprimi
583 2094 680 2154 posse
693 2075 844 2136 hominem
859 2084 918 2135 tam
934 2085 1093 2154 acceptum
1109 2092 1201 2156 popu·

122 2158 250 2227 laribus,
274 2160 353 2237 quod
378 2169 441 2219 erat
456 2160 597 2238 Iugurtha
612 2178 702 2221 manu
717 2167 874 2240 promptus
890 2168 919 2220 et
933 2160 1080 2238 adpetens
1094 2161 1201 2241 gloriae

122 2243 273 2315 militaris,
296 2245 397 2305 statuit
419 2263 486 2305 eum
509 2245 659 2306 obiectare
682 2245 821 2325 periculis
844 2255 873 2306 et
895 2263 930 2304 eo
947 2244 1035 2306 modo
1052 2245 1200 2309 fortunam

121 2337 276 2406 temptare.

122 2499 183 2562 ρι’ῳ,
201 2491 381 2560 Μαστανάβᾳ
394 2490 431 2559 de',
450 2490 483 2563 ὃς
500 2495 638 2548 νεώτατοι·
689 2495 784 2562 begriff
793 2497 843 2548 wie
855 2513 880 2548 u.
893 2512 915 2548 a.
931 2500 970 2560 ll,
983 2500 999 2549 b
1011 2500 1124 2561 arbore;
1136 2501 1203 2565 bl,4

122 2560 163 2614 ὢν
173 2559 247 2627 ἤσκει
257 2559 440 2628 δικαιοσύνην,
451 2560 572 2628 δικάζειν
581 2568 638 2616 τοῖς
686 2565 796 2629 glande.

120 2627 251 2695 ὑπηκόοις
261 2627 297 2683 τὰ
309 2627 455 2703 ἀμφίλογα.
476 2632 568 2698 Spdter
580 2649 638 2685 ver·
723 2634 747 2684 3.
775 2634 962 2698 opportunitas
991 2637 1056 2686 ete:
1088 2633 1133 2688 die
1161 2650 1203 2687 zur

122 2701 218 2766 einiqte
241 2700 336 2753 wieder
359 2699 467 2767 Micipsa
491 2703 532 2754 die
554 2716 637 2769 gance
688 2699 855 2766 Auslubrnng
872 2699 1043 2766 petibrlieber
1056 2700 1203 2769 AnseMisse

121 2767 307 2834 Staatsgewalt
324 2769 351 2819 in
369 2769 453 2821 seiner
470 2768 551 2824 lland.
688 2767 808 2834 gumtige
825 2767 1007 2835 Gelegenbeit,
1029 2769 1134 2824 welcbe
1150 2769 1204 2824 sein

156 2836 636 2906 t.prioatum:d.b.obnebnsprdcbe
689 2836 770 2887 bobes
791 2835 844 2887 und
866 2837 950 2889 seiner
973 2835 1061 2889 Sdbne
1084 2839 1205 2907 peringen

122 2905 167 2956 eul
177 2905 218 2956 die
231 2903 397 2970 Throniolge.
421 2904 550 2958 llemnacb
563 2907 634 2959 batte
685 2904 758 2956 Alter
775 2903 832 2955 dem
851 2904 903 2971 lug.
922 2904 1021 2957 darbot.

121 2971 257 3024 Masinissa
270 2972 341 3025 uicbt
353 2988 400 3024 nur
413 2973 453 3025 liir
470 2974 511 3026 die
529 2975 636 3026 ndcbste
721 2988 803 3038 quae:
829 2973 874 3024 aul
890 2977 1034 3040 oppertae.
1054 2973 1136 3028 allein
1151 2972 1203 3027 und

121 3039 276 3096 Generation
289 3040 330 3092 die
343 3039 485 3107 Nacblolge
503 3042 635 3109 geordnet,
687 3039 779 3092 dessen
798 3040 950 3108 Bedentunp
966 3041 1001 3092 im
1022 3041 1204 3109 elige-einen,
1246 3042 1248 3055 '

121 3125 173 3160 von
196 3110 322 3173 welches,
345 3109 491 3174 abgeseben
514 3125 565 3161 von
586 3108 636 3161 den
688 3108 759 3160 nicht
776 3109 823 3159 mit
841 3108 885 3160 aut
902 3125 966 3160 auae
984 3110 1029 3161 e'e.
1045 3113 1156 3177 aetnae,
1172 3126 1204 3163 m

122 3176 175 3229 drei
188 3181 390 3244 vorgenannten,
408 3178 479 3229 seine
494 3178 637 3230 vielenan-
687 3177 824 3238 berichem
853 3177 894 3229 die
918 3181 1051 3243 getrennte
1075 3178 1204 3247 Stellnnq

121 3243 197 3297 deren
221 3245 307 3297 Sdbne
331 3244 545 3310 ausgescblossen
570 3261 638 3296 wur-
690 3245 739 3296 wie
757 3245 810 3296 Gat.
823 3247 866 3308 48,
885 3249 897 3298 1
913 3261 937 3298 ιι.
950 3248 975 3298 4.

121 3313 178 3375 den,
198 3314 308 3365 sondern
327 3313 393 3365 auch
418 3313 459 3365 fiir
476 3313 517 3365 die
536 3314 636 3368 aweite.
723 3317 904 3364 transuersam:
930 3315 979 3380 εἰς.
996 3311 1031 3366 ‘in
1054 3314 1097 3368 die
1116 3311 1205 3382 Quer’,

155 3382 245 3432 eodem
262 3381 337 3432 cuttu
355 3387 417 3433 ete:
435 3396 486 3433 von
505 3381 551 3433 der
568 3385 637 3433 stan·
687 3377 756 3433 ‘vom
776 3381 886 3447 geraden
900 3379 1117 3447 Wegeabseits’.
1146 3382 1204 3451 vgt

121 3449 294 3515 desmilsigeu
307 3450 451 3515 Erziehung
464 3466 504 3501 am
517 3448 581 3502 llole
594 3465 638 3516 ge·
691 3452 735 3513 14,
756 3453 801 3509 20;
826 3450 890 3502 auch
909 3450 971 3502 Cato
990 3450 1031 3502 bei
1050 3451 1118 3504 Gell.
1131 3452 1163 3506 M.
1174 3454 1204 3505 Δ.

122 3523 187 3583 sagr.
689 3519 705 3568 6
722 3520 766 3582 (7),
785 3520 809 3582 3,
829 3522 861 3571 14
882 3519 1013 3570 secundae
1036 3535 1081 3570 ree
1099 3521 1205 3573 laetitio

155 3584 183 3638 e
198 3590 221 3637 1.
240 3586 323 3636 lucu:
341 3587 512 3639 vereinaeltes
524 3585 636 3653 Beispiel
689 3591 873 3636 transvorsum
885 3588 994 3637 trudere
1005 3588 1094 3639 solent
1106 3606 1124 3640 ιι
1136 3592 1206 3643 nete

122 3651 162 3703 sur
181 3653 221 3705 die
241 3652 415 3706 kontrahierte
432 3655 506 3708 Form
525 3654 571 3707 des
589 3655 638 3706 Ila-
690 3654 851 3705 consulendo
870 3659 950 3721 etque
967 3655 1158 3722 intemperiae.

121 3721 173 3782 tiv;
192 3737 223 3773 zu
243 3724 310 3787 16‚3
328 3723 391 3785 fide.
547 3774 551 3779 ,
724 3738 759 3772 ec
776 3725 884 3787 quibus:
904 3723 1014 3776 ndmlicb
1026 3725 1129 3777 studiis
1149 3763 1205 3780 ...

157 3789 269 3841 leonem:
293 3791 337 3841 der
355 3790 425 3856 Sing.
445 3791 483 3842 als
502 3790 639 3856 Gattnngs-
690 3793 816 3842 accensis.
