2498 4276
148 132 208 190 188
526 131 553 184 C.
572 130 729 184 suutvsrl
746 129 847 184 catsrr

146 304 176 364 in
200 303 341 383 oppidum
366 322 505 382 magnum
528 313 615 382 atque
638 303 831 383 opulentum,
860 303 910 364 uhi
933 303 1074 384 plerique
1097 306 1214 368 thesauri

108 399 122 448 2
147 390 335 468 filiorumque
358 389 421 449 eius
442 390 552 450 multus
574 389 718 467 pueritiae
740 389 836 449 cultus
858 398 930 449 erat.
952 407 1048 468 ‘quac
1070 400 1214 471 postquam

145 475 262 535 Metello
279 484 429 553 comperta
448 484 527 547 sunt,
544 492 721 552 quamquam
736 475 815 535 inter
830 473 950 534 Thalam
966 475 1144 554 flumenque
1158 496 1214 556 pro

145 579 266 622 romum
278 560 307 620 in
322 561 415 639 spatio
428 560 540 620 milium
557 559 771 638 quinquaginta
786 559 851 620 loca
866 559 946 620 arida
961 570 1054 638 atque
1068 573 1152 623 vasta
1164 581 1215 625 esse

146 655 333 724 cognoverat,
352 654 449 705 tamen
466 664 519 723 spe
533 644 669 724 patrandi
684 644 762 716 belli,
777 644 801 706 si
816 644 880 706 eius
896 645 996 724 oppidi
1012 647 1130 725 potitus
1144 649 1215 722 sorel,

146 731 242 792 omnis
265 730 437 808 asperitates
459 730 656 809 supervadere
679 748 713 789 ac
729 738 863 789 naturam
879 730 966 790 etiam
982 731 1109 792 vincere
1124 751 1215 813 agqrc·

107 828 121 877 a
146 817 233 876 ditur.
263 815 353 894 igitur
375 815 474 875 omnia
491 815 622 876 iumenta
644 814 768 875 sarcinis
792 814 880 875 levari
903 813 986 876 iuhet
1000 817 1060 877 nisi
1076 819 1215 880 frumento

145 902 259 961 dierum
281 901 392 972 decem,
416 909 548 960 ceterum
563 900 638 960 utris
652 900 740 960 modo
756 908 785 960 et
799 900 857 960 alia·
870 917 964 978 aquae
980 901 1091 962 idonea
1107 903 1215 982 portari

107 999 122 1047 l
143 994 296 1064 praeterea
318 985 468 1063 conquirit
485 1004 519 1046 ex
542 986 619 1064 agris
641 1003 728 1062 quam
751 985 923 1063 plurumum
936 994 1040 1065 potest
1054 988 1161 1049 domiti
1174 1007 1215 1069 pe·

146 1070 238 1145 coris;
268 1088 303 1130 eo
333 1071 451 1148 inponit
480 1088 546 1131 vasa
575 1070 720 1149 cuiusque
749 1070 845 1142 modi,
874 1070 923 1130 sed
951 1069 1099 1150 pleraque
1121 1073 1214 1152 lignea

109 1168 123 1216 5
147 1155 268 1216 collecta
292 1174 326 1216 ex
349 1155 475 1233 tuguriis
489 1155 692 1216 Numidarum.
722 1157 756 1215 ad
779 1155 837 1216 hoc
861 1154 1002 1217 finitumis
1021 1156 1215 1238 imperaturi

146 1259 177 1301 se
199 1249 267 1320 post
288 1241 367 1319 regis
381 1241 480 1320 fugam
496 1240 613 1301 Metello
628 1240 781 1309 dederant,
803 1258 892 1318 quam
908 1242 1083 1319 plurumum
1102 1245 1215 1322 quisquc

145 1344 238 1404 aquae
260 1336 410 1405 portaret;
434 1326 510 1386 diem
533 1325 700 1404 locumque,
723 1325 774 1385 ubi
798 1334 915 1403 praesto
931 1327 1043 1402 forent,
1067 1330 1215 1407 praedicit;

107 1423 122 1473 t
145 1413 208 1490 ipse
224 1431 260 1472 ex
275 1412 406 1482 flumine,
423 1429 510 1489 quam
527 1429 701 1489 proxumam
718 1411 827 1490 oppido
844 1429 948 1488 aquam
963 1430 1029 1473 esse
1045 1431 1140 1493 supra
1155 1415 1215 1475 diri·

146 1516 227 1571 mus,
251 1497 381 1557 iumenta
398 1504 515 1557 cinerat:
538 1515 573 1555 eo
589 1495 676 1556 modo
692 1496 856 1557 instructus
871 1495 906 1556 ad
922 1496 1045 1557 Thalam
1060 1499 1216 1577 proficisci·

108 1595 122 1643 '1
144 1593 203 1644 tur.
234 1582 350 1653 deinde,
368 1581 417 1641 uhi
434 1582 468 1641 ad
485 1580 513 1640 id
530 1581 586 1642 loci
603 1592 733 1652 ventum,
749 1599 809 1658 quo
825 1581 959 1642 Numidis
976 1595 1181 1668 praeceperat,
1193 1593 1216 1645 et

146 1678 240 1729 castra
252 1667 344 1747 posita
357 1667 529 1746 munitaque
541 1676 621 1739 sunt,
637 1674 717 1726 tanta
732 1674 856 1746 repente
871 1667 953 1726 caelo
969 1667 1059 1728 missa
1074 1671 1120 1732 vis
1135 1687 1216 1750 aquae

108 1765 123 1815 8
145 1753 267 1824 dicitur,
296 1761 328 1813 ut
350 1771 383 1812 ea
406 1752 494 1812 modo
518 1751 660 1812 exercitui
682 1751 751 1812 satis
773 1769 923 1830 superque
946 1752 1033 1813 foret.
1071 1765 1215 1833 praetere

146 1848 328 1899 commeatus
350 1857 403 1916 spe
425 1837 559 1916 amplior,
583 1837 651 1915 quia
665 1836 817 1908 Numidae,
840 1836 926 1897 sicuti
948 1837 1087 1916 plerique
1103 1842 1135 1901 in
1152 1858 1216 1902 non

108 1935 124 1984 9
145 1924 304 1995 deditione,
328 1923 423 1983 officia
447 1923 645 1983 intenderant.
677 1930 808 1982 ceterum
831 1921 937 1982 milites
959 1923 1108 2000 religione
1129 1926 1216 2004 pluvia

146 2009 238 2087 magis
250 2009 305 2080 usi,
322 2026 413 2085 eaque
425 2026 473 2068 res
484 2008 609 2068 multum
622 2007 728 2068 animis
740 2025 842 2066 eorum
858 2005 985 2080 addidit;
1002 2026 1072 2069 uam
1089 2012 1147 2071 rati
1162 2029 1216 2073 sest

144 2095 188 2154 dis
211 2090 415 2153 inmortalibus
438 2110 526 2152 curae
549 2110 622 2152 csse.
653 2092 759 2152 deinde
781 2100 900 2171 postero
921 2091 968 2153 die
984 2103 1090 2155 contra
1108 2096 1216 2176 opinio·

93 2191 121 2240 10
146 2197 213 2239 nem
231 2177 390 2255 iugurthae
405 2178 439 2236 ad
457 2177 577 2237 Thalam
593 2176 780 2255 perveniunt.
811 2176 961 2256 oppidani,
977 2177 1027 2255 qui
1043 2199 1076 2240 se
1091 2181 1217 2243 locorum

145 2262 300 2342 asperitate
316 2261 447 2322 munitos
463 2261 660 2333 crediderant,
676 2279 781 2340 magua
797 2271 885 2340 atque
901 2261 1019 2323 insolita
1036 2267 1217 2345 reperculsi

92 2358 127 2413 16
146 2347 236 2408 nihilo
252 2347 372 2424 segnius
388 2346 498 2407 bellum
513 2364 634 2425 parare;
657 2348 734 2407 idem
758 2348 851 2408 nostri
867 2348 973 2408 lacere.
1004 2349 1057 2410 sed
1073 2369 1137 2425 rex,
1154 2350 1218 2413 nihil

144 2464 179 2515 ist
192 2463 263 2514 nicht
276 2463 481 2529 nachgewiesen,
500 2463 541 2515 dic
554 2462 660 2528 Gegend
710 2469 839 2514 naturam
857 2467 906 2515 etc.
922 2463 997 2515 einen
1015 2479 1083 2530 ganz
1096 2467 1219 2535 allgemei·

145 2531 224 2582 durch
242 2531 292 2582 den
311 2531 531 2597 Zusammenhang
548 2531 593 2582 der
612 2530 659 2583 Be·
711 2547 760 2582 nen
780 2531 918 2583 Godanlren
937 2532 1044 2585 euthalt.

144 2600 315 2666 geheuheiten
338 2605 397 2665 (11,
412 2602 436 2666 1)
461 2600 587 2666 ungeliahr
614 2600 660 2651 be·
744 2604 873 2651 naturam
886 2637 892 2650 .
905 2636 912 2651 .
926 2638 932 2652 .
944 2603 1053 2651 vincera
1065 2628 1099 2648 a
1110 2605 1173 2668 plue
1183 2602 1219 2665 sa·

144 2669 249 2720 stimmt.
711 2683 769 2717 core
787 2683 867 2732 quum
882 2683 932 2733 par
944 2685 1035 2719 remam
1047 2670 1122 2734 (oder
1134 2674 1220 2723 huna·

180 2738 278 2788 eutem:
308 2738 415 2789 umlalst
441 2737 484 2801 (im
515 2735 659 2788 konkreten
709 2739 783 2799 nam)
799 2740 927 2787 naturum
944 2736 1006 2799 fieri
1017 2742 1218 2803 poenalitatem

144 2803 230 2868 Sinna,
244 2805 294 2856 wie
305 2804 358 2857 Cat.
371 2808 412 2869 48,
426 2807 450 2869 2,
462 2805 515 2871 vgl.
529 2806 581 2869 lug.
595 2808 619 2870 5,
632 2806 658 2866 1)
710 2802 891 2855 einhusdruclr
900 2820 950 2855 von
961 2805 1154 2860 umfassendem
1164 2808 1218 2861 Sion

144 2872 658 2938 hier:dierumstandesmiilsigenUnter·
710 2873 760 2923 und
785 2872 1019 2937 sprichwdrtlichcr
1043 2873 1141 2939 Natur‚
1168 2878 1219 2928 dem

144 2941 197 2992 halt
215 2940 267 2993 und
285 2958 330 2993 zur
344 2942 514 3008 husstattung
533 2941 577 2992 der
587 2939 658 2992 Prin·
709 2941 850 2991 deutschen
863 2935 918 2992 ‘das
931 2939 1102 3006 Unmdgliehe
1114 2944 1219 3012 mdglich

144 3025 190 3061 zen
210 3010 350 3075 gehdrigen
370 3010 459 3074 hingo.
709 3001 828 3060 machen'
849 3009 1048 3075 entsprechend;
1067 3012 1166 3066 ebenso
1183 3016 1219 3075 16,

180 3081 203 3129 2.
226 3081 256 3128 in
286 3080 385 3142 spatio:
411 3071 556 3128 ‘innerhalh
586 3077 657 3128 eines
714 3078 811 3144 l,vgl.
831 3077 902 3128 Gaas.
916 3076 944 3128 B.
957 3077 986 3129 G.
999 3081 1023 3139 6,
1040 3081 1218 3142 43,out...

144 3137 279 3203 Raumcs'3
294 3145 335 3195 die
348 3143 509 3212 Praposition
522 3161 581 3197 vom
597 3143 658 3196 Orte
708 3161 793 3211 paene
811 3149 938 3196 naturam
955 3147 1045 3198 etatdio
1063 3151 1207 3201 vincerent.

144 3214 286 3278 gebraucht
305 3213 354 3263 wic
370 3229 420 3263 von
439 3213 483 3263 der
496 3213 551 3264 Zeit
570 3213 610 3263 hei
629 3216 658 3262 in
744 3217 767 3266 4.
787 3230 831 3264 eo:
850 3229 882 3264 zu
901 3217 942 3276 41,
954 3217 979 3267 2.

145 3283 200 3346 die,
224 3285 253 3330 in
276 3296 355 3332 anno.
392 3281 427 3331 Zu
455 3280 602 3346 supplieren
624 3282 658 3332 ist
744 3283 768 3332 6.
790 3297 965 3346 pronomem:
989 3283 1160 3349 cigentlicher
1176 3284 1219 3337 Su·

144 3365 279 3415 pascuum,
299 3350 347 3399 wie
360 3351 401 3413 91,
414 3351 441 3407 3;
462 3349 519 3409 106,
532 3351 555 3401 5.
710 3349 818 3414 perlatir
831 3351 881 3402 wie
897 3351 912 3416 ς
925 3352 940 3402 1
953 3351 979 3401 iu
992 3351 1049 3403 dem
1063 3352 1152 3418 Siune‚
1170 3352 1219 3405 dale

179 3422 236 3468 elue
259 3419 365 3483 oppidi:
385 3417 437 3482 vgl.
460 3418 533 3478 16,5
560 3416 658 3481 oppido
710 3429 739 3466 es
764 3415 855 3468 keineu
880 3419 990 3472 niheren
1015 3418 1088 3472 illuls
1116 3422 1156 3473 hei
1180 3422 1219 3473 der

145 3525 171 3538 ..
185 3525 191 3536 .
204 3490 285 3551 potiti
297 3487 347 3537 und
361 3488 402 3549 14,
415 3487 439 3537 3.
474 3482 548 3535 ludes
561 3484 595 3534 ist
613 3482 658 3535 der
710 3481 785 3534 Stadt
806 3486 863 3549 gab.

145 3555 254 3606 Genetiv
272 3554 314 3605 bei
333 3553 432 3605 Sallust
449 3551 571 3617 hiufiger.
744 3555 767 3603 1.
786 3568 817 3601 ea
834 3554 925 3605 modo:
943 3547 1001 3605 ‘nur
1018 3555 1104 3609 dieses
1120 3553 1218 3620 schou',

179 3626 346 3687 asperitates:
367 3623 441 3674 nami.
457 3623 576 3673 locorum
590 3636 658 3687 quae
709 3619 853 3685 ahgesehen
867 3637 917 3672 von
932 3622 990 3673 dem
1003 3625 1217 3690 mitgebrachtem

145 3693 308 3750 interamna
321 3706 342 3741 s.
357 3692 372 3755 ξ
388 3694 431 3743 1οε
444 3691 482 3742 als
495 3690 600 3756 speciell
614 3687 659 3740 aul
710 3687 773 3738 dher
791 3686 865 3749 foret
883 3704 915 3740 zu
935 3691 987 3741 Cat.
1001 3693 1042 3757 29,
1056 3696 1077 3745 1.

145 3757 187 3808 die
205 3757 411 3810 Beschaffenheit
429 3759 473 3810 der
491 3757 595 3823 Gegend
614 3758 658 3808 he·
745 3759 767 3809 8.
786 3760 815 3806 in
832 3773 903 3807 noua
921 3759 1057 3811 deditione
1070 3787 1103 3806 ==
1117 3766 1164 3813 udi
1180 3776 1217 3813 rot

146 3826 256 3891 adglich,
275 3827 394 3877 uiihrend
417 3826 462 3878 das
488 3825 608 3891 folgende
626 3840 658 3875 ac
710 3841 779 3875 nouo
798 3830 837 3875 est
855 3827 964 3877 deditio.
